2950 5042
1498 400 1625 467 194

380 612 532 659 num
579 590 885 659 transtuli
943 582 1090 658 cuin
1137 588 1515 677 praefatione
1560 590 1823 659 honoris
1858 592 1900 657 ¹.
1990 593 2156 661 Eum
2201 590 2497 661 libellum
2544 592 2751 658 chal-·

381 697 744 782 cographus
815 697 1029 763 adhuc
1097 718 1304 781 usque
1367 695 1561 763 hodie
1629 703 1783 782 typo
1845 697 2160 783 imprimit
2238 697 2326 764 ad
2392 699 2714 786 nundinas

382 802 710 885 proximas
757 802 1415 887 Francophordiensis
1462 824 1697 869 venum
1742 802 2073 871 ducturus.
2163 802 2355 871 Unde
2417 825 2545 871 non
2606 804 2716 869 du-

383 906 561 973 bium
607 913 708 974 est
751 908 837 974 ad
881 912 949 973 te
997 908 1154 992 quin
1197 912 1324 973 eat.
1414 908 1550 993 Ego
1598 908 1841 977 curabo
1888 908 2249 996 diligenter,
2294 916 2369 977 ut
2413 910 2718 976 illustris-

383 1014 545 1079 simo
590 1013 760 1079 Duci
807 1014 1096 1097 emporio
1142 1014 1461 1091 mittatur.

565 1119 750 1197 Quod
811 1125 1031 1185 autem
1079 1118 1538 1186 Caesareaneos
1595 1118 1691 1185 ais
1751 1118 1920 1186 male
1968 1120 2048 1186 de
2094 1142 2197 1186 me
2246 1120 2507 1201 sentire,
2572 1141 2719 1205 pro-

383 1223 558 1291 fecto
605 1246 734 1291 non
782 1246 1002 1291 omnes
1048 1225 1143 1289 ita
1189 1224 1497 1306 sentiunt,
1543 1225 1659 1291 sed
1703 1225 1893 1306 forte,
1952 1248 2225 1311 quorum
2272 1224 2357 1291 ab
2404 1246 2519 1291 ore
2566 1230 2720 1291 sunt

384 1329 592 1395 ubera
652 1329 994 1397 subtracta
1049 1329 1314 1397 consilio
1361 1351 1527 1412 mec,
1589 1331 1784 1397 etiam
1832 1352 1935 1397 me
1980 1330 2335 1415 ignorante.
2429 1333 2519 1397 At
2564 1331 2715 1397 eho-

387 1435 568 1501 duml
617 1436 728 1521 qui
772 1436 837 1500 in
885 1435 1184 1503 domibus
1230 1436 1476 1521 Regum
1524 1442 1693 1514 sunt,
1739 1436 2041 1504 mollibus
2097 1437 2479 1503 vestiuntur.
2575 1436 2720 1503 Non

389 1542 515 1607 erit
559 1541 718 1605 mihi
763 1562 957 1626 grave
1001 1542 1261 1608 illorum
1308 1562 1665 1609 susurrum.
1741 1542 1837 1609 Tu
1884 1547 2062 1608 recte
2095 1547 2293 1627 atque
2324 1562 2474 1607 vere
2506 1562 2720 1607 meam

391 1646 822 1713 innocentiam
873 1646 1224 1713 defendisti
1271 1646 1351 1713 de
1397 1669 1559 1715 auro
1595 1647 1859 1733 judaico
1906 1646 2081 1733 quod
2126 1668 2455 1733 nunquam
2487 1646 2719 1731 cupivi.

387 1751 580 1817 Nullo
631 1753 800 1819 enim
848 1754 1016 1819 vitae
1061 1754 1222 1819 me'ae
1267 1758 1565 1837 tempore
1610 1753 1711 1819 vel
1758 1774 1991 1821 aurum
2037 1751 2139 1817 vel
2182 1759 2546 1837 argentum,
2608 1756 2723 1819 aut

387 1859 534 1923 aeris
579 1858 854 1944 alicujus
909 1865 1236 1926 monetam
1284 1881 1325 1925 a
1368 1858 1618 1941 Judaeo,
1680 1858 1781 1925 vel
1836 1859 2081 1939 Judaea,
2136 1857 2238 1924 vel
2296 1878 2520 1924 eorum
2579 1857 2721 1925 loco

388 1984 466 2029 ac
511 1965 767 2030 nomine
821 1983 1106 2049 unquam
1165 1965 1390 2051 accepi
1447 1983 1660 2051 neque
1715 1986 1835 2049 per
1892 1985 2021 2045 me,
2085 1984 2293 2049 neque
2355 1985 2475 2048 per
2520 1962 2721 2028 alium

391 2090 758 2153 quenquam
820 2090 1029 2154 neque
1085 2072 1380 2155 accipere
1439 2071 1715 2155 speravi.
1806 2068 1990 2149 Quod
2050 2070 2117 2134 in
2162 2068 2349 2135 oculo
2395 2067 2719 2152 speculari

389 2173 470 2238 de
530 2173 866 2241 mendacio
912 2175 1326 2259 Pepericorni
1389 2181 1470 2241 22
1516 2176 1543 2217 ²
1596 2175 1814 2260 palam
1875 2179 2230 2241 attestatus
2272 2194 2427 2241 aum
2450 2223 2467 2253 ‚
2525 2172 2719 2258 idque

389 2278 584 2345 nullis
639 2277 950 2356 hactenus
1008 2280 1467 2365 scriptionibus
1530 2279 1889 2349 adversarii
1942 2301 2179 2364 negare
2238 2280 2382 2345 ausi
2439 2279 2716 2345 fuerunt.

389 2384 555 2463 Quid
604 2384 670 2449 in
717 2405 910 2451 aures
972 2393 1191 2453 autem
1252 2385 1691 2471 quorumlibet
1744 2386 2160 2467 mentiantur,
2223 2387 2388 2452 scire
2447 2406 2715 2471 nequeo.

566 2491 662 2555 De
709 2492 950 2557 nummi
999 2491 1246 2558 ducalis
1290 2513 1575 2573 munere,
1620 2492 1727 2559 cui
1778 2490 2187 2559 inscribitur:
2254 2491 2557 2572 „Elector
2600 2491 2716 2556 Im-

389 2595 684 2681 periique
732 2596 944 2665 locum
991 2603 1220 2664 tenens
1265 2596 1622 2681 generalis“
1692 2618 1814 2682 ago
1867 2598 1990 2665 tibi
2044 2620 2171 2665 non
2232 2596 2405 2663 leves
2454 2596 2710 2681 gratias.

381 2701 548 2783 Vidi,
608 2702 741 2768 vidi
787 2702 870 2768 ab
916 2702 1078 2786 ipsis
1121 2702 1322 2787 Lydis
1368 2703 1499 2789 qui,
1547 2710 1813 2770 auctore
1860 2703 2225 2783 Herodot0‚
2271 2702 2469 2787 primi
2512 2702 2712 2768 homi-

383 2828 536 2874 num
582 2814 963 2892 argenteum
1009 2808 1324 2878 nomisma
1367 2815 1860 2893 percusserunt,
1906 2829 2113 2894 usque
2146 2808 2229 2875 ad
2260 2807 2429 2875 hanc
2462 2812 2714 2874 aetatem

383 2913 542 2979 nihil
602 2914 986 2982 absolutius.
1079 2916 1220 2981 Hoc
1287 2914 1450 2981 illud
1520 2920 1640 2995 est,
1687 2914 1995 2995 Matiane,
2040 2913 2240 2999 ‚quod
2302 2920 2456 2981 ante
2516 2935 2713 2979 annos

385 3040 577 3103 quam
626 3019 944 3104 plurimos
1004 3041 1186 3087 meus
1241 3020 1400 3085 mihi
1463 3020 1717 3086 animus
1782 3041 1901 3105 per
1956 3019 2186 3085 Filiam
2248 3019 2423 3085 vocis
2484 3039 2715 3103 praesa-

384 3124 560 3207 givit‚
624 3125 834 3191 denuo
902 3124 1043 3191 fore
1101 3117 1395 3212 'aliquem
1441 3125 1843 3191 Fridericum
1861 3175 1876 3206 ,
1941 3124 2053 3211 qui
2120 3144 2346 3190 rursus
2409 3121 2715 3191 mundani

385 3228 554 3296 freni
599 3236 817 3297 rector
860 3230 1064 3311 fieret,
1111 3231 1284 3318 quod
1333 3231 1671 3317 Spalatino
1734 3231 2061 3317 quondam
2120 3228 2355 3314 scripsi
2394 3227 2438 3292 ³.
2534 3228 2714 3294 Nunc

383 3355 502 3419 per
581 3336 883 3419 spiritum
946 3336 1293 3423 prophetia
1357 3358 1474 3404 nos
1544 3336 1782 3404 deficit.
1890 3334 2091 3421 Cujus
2167 3334 2343 3401 haud
2419 3332 2713 3404 absimile

381 3440 643 3526 scripsit
719 3442 762 3508 J
764 3462 1004 3509 oannes
1074 3443 1292 3523 Picus,
1362 3442 1593 3511 Comes
1650 3441 2171 3521 Mirandulanus,
2252 3440 2539 3507 omnium
2604 3436 2713 3505 aevi

377 3547 583 3615 nostri
631 3547 835 3634 (quod
881 3546 1077 3615 bilem
1137 3545 1434 3633 pluribus
1482 3546 1790 3632 sophistis
1847 3554 1915 3615 et
1976 3545 2385 3614 stomachum
2429 3544 2711 3627 movent)

379 3652 790 3719 doctissimus
835 3660 904 3721 et
948 3653 1466 3721 litteratissimus
1510 3653 1577 3719 in
1622 3652 2031 3720 conclusione
2077 3650 2562 3720 Cabalistarum
2608 3670 2715 3717 an-

376 3758 807 3841 tepenultima
853 3759 981 3825 sic:
1037 3759 1415 3844 „Sapientes
1463 3758 1666 3824 Israel
1710 3764 1864 3844 post
1893 3757 2323 3826 cessationem
2353 3756 2710 3843 prophetiae

373 3884 492 3947 per
535 3864 834 3949 spiritum
880 3864 1358 3950 prophetarunt
1401 3886 1523 3949 per
1566 3864 1799 3934 Filiam
1844 3864 2073 3931 vocis.“

552 3970 687 4053 Ego
746 3969 974 4055 itaque
1031 3970 1246 4055 reperi
1309 3975 1462 4037 ante
1510 3992 1712 4038 annos
1758 3969 2251 4057 quatuordecim
2296 3986 2339 4035 a
2385 3966 2710 4037 veteribus

371 4072 764 4143 Cabbalistis
813 4096 1010 4161 super
1053 4075 1256 4144 verba
1287 4074 1648 4143 Salomonis
1680 4076 1895 4161 capite
1930 4081 2043 4143 30:
2100 4072 2432 4157 „umelech
2462 4073 2533 4139 al
2560 4072 2705 4139 kum

515 4274 538 4319 1
581 4269 704 4336 Vgl.
757 4270 892 4321 oben
939 4285 1051 4321 nro.
1106 4268 1310 4322 CLXV.
1459 4274 1489 4320 2
1529 4201 1809 4321 §audacio
1860 4268 1945 4337 22]
1997 4242 2376 4337 augenspicgel
2440 4269 2530 4321 fol.
2581 4266 2707 4319 an·

370 4359 400 4405 3
443 4356 538 4407 Ein
595 4357 740 4409 brief
781 4358 1067 4411 Reucblins
1113 4376 1179 4410 an
1220 4358 1458 4426 Spalatin
1508 4374 1601 4409 vor
1652 4358 1767 4408 dem
1808 4358 2102 4425 zeitpunkt,
2149 4374 2213 4407 an
2256 4356 2372 4407 dem
2414 4358 2511 4407 wir
2546 4354 2706 4414 stelin,

368 4443 452 4493 ist.
475 4442 626 4494 nicht
653 4444 904 4497 erhaltcn.
981 4447 1218 4513 spalatin
1256 4444 1459 4499 eranblt
1499 4463 1601 4500 von
1628 4434 1798 4498 ciuem
1838 4462 1933 4498 aus
1974 4447 2021 4499 d.
2058 4448 2100 4512 j.
2134 4448 2283 4511 1511,
2322 4445 2431 4512 vgl.
2459 4434 2703 4497 Reuclilin

372 4545 415 4581 s.
451 4531 534 4585 5⁶2.
575 4546 621 4583 a.
657 4536 707 4583 ⁴2.
