2950 5042
1310 373 1437 441 183

243 584 720 649 vorgeuommen,
778 562 944 633 habe
1003 562 1100 633 sie
1157 561 1496 633 iibersetzt
1552 564 1687 633 und
1730 561 1864 633 ihm
1910 558 2309 649 zugeeignet.
2402 562 2547 631 Von

243 670 518 737 walchem
577 670 1018 756 Hippola-ates
1085 669 1190 737 die
1255 670 1487 737 schrift
1546 670 1865 739 herriihre
1888 720 1905 753 ,
1965 671 2151 737 wisse
2212 690 2287 737 er
2350 668 2547 735 nicht.

235 778 314 843 Er
353 776 650 843 versucht
693 798 772 843 zu
802 776 1046 861 zeigen,
1093 774 1248 845 dass
1281 776 1385 843 die
1419 776 1697 845 medicin
1732 797 1855 846 von
1887 776 2015 844 den
2034 776 2241 863 jnden
2272 780 2549 843 stamme

237 881 351 949 und
393 902 510 948 von
555 881 752 949 ihnen
799 882 974 949 allen
1021 881 1286 952 volkern
1333 881 1728 967 mitgetheilt
1774 880 1889 951 sei.

387 986 520 1054 Nec
583 987 652 1054 id
709 987 831 1055 tibi
887 986 1292 1055 stomachum
1339 994 1623 1068 moveat,
1682 988 1873 1074 quasi
1927 986 2143 1055 nostri
2188 985 2391 1054 seculi
2435 985 2549 1053 Ju-

235 1091 388 1158 daeos
459 1092 560 1159 vel
637 1092 981 1160 formidine
1050 1114 1258 1179 poenae
1333 1091 1416 1159 ob
1492 1097 1863 1161 anteactam
1940 1091 2257 1159 scelerate
2330 1091 2547 1169 vitam,

231 1196 321 1262 vel
380 1204 650 1285 propter
707 1203 1026 1285 quaestum
1097 1198 1479 1283 ampliorem
1550 1203 1669 1265 aut
1742 1198 2129 1285 explendam
2210 1195 2547 1263 libidinem

231 1324 386 1387 aqua
432 1303 828 1389 baptizatos,
885 1303 1123 1371 tinctos
1184 1310 1301 1372 aut
1354 1324 1604 1372 mersos
1650 1309 1838 1372 tanto
1886 1310 1955 1371 et
1997 1302 2118 1371 tali
2164 1301 2391 1387 digner
2434 1301 2547 1373 ho-

231 1429 386 1489 nore,
429 1415 504 1476 ut
549 1408 684 1477 sint
727 1410 794 1475 in
839 1430 1108 1477 numero
1154 1408 1663 1477 clarissimorum
1701 1408 2098 1477 medicorum
2144 1407 2541 1477 recensendi.

231 1514 281 1579 N
282 1535 354 1580 on
411 1514 584 1581 enim
643 1514 772 1581 illis
832 1514 1232 1600 vagabundis
1291 1536 1526 1583 nomen
1584 1515 1749 1582 artis
1809 1520 1947 1583 tam
2007 1513 2387 1581 honorabile
2432 1513 2548 1581 im-

226 1619 453 1703 pertiar
502 1635 783 1707 quorum
828 1619 1106 1705 perfidia
1137 1619 1519 1707 frequenter
1546 1620 1636 1687 ad
1665 1621 1977 1687 vomitum
2007 1619 2193 1687 redit
2272 1620 2549 1687 Possent

229 1731 439 1803 tamen„
483 1725 702 1793 fateor
747 1724 1026 1792 inveniri
1085 1748 1167 1793 ex
1229 1726 1625 1813 ejuscemodi
1668 1724 1917 1793 Judaeis
1965 1725 2315 1811 baptizatis
2358 1724 2547 1791 malae

230 1829 451 1913 bestiae,
500 1831 615 1919 qui
649 1854 718 1899 se
764 1830 942 1917 ipsos
987 1833 1234 1918 rejecta
1279 1833 1452 1900 omni
1502 1830 1891 1899 verecundia
1934 1830 2177 1916 partim
2223 1835 2543 1897 vestrates

229 1937 285 2003 in
326 1937 878 2022 parabalonorum
931 1937 997 2004 id
1057 1943 1160 2005 est
1213 1958 1444 2005 manus
1492 1937 1958 2024 applicantium
2004 1934 2333 2003 consortia
2374 1935 2551 2021 inge-

229 2064 373 2125 rere,
417 2044 670 2129 partim
699 2049 1028 2111 nostrates
1059 2064 1222 2111 ausu
1253 2043 1603 2111 temerario
1635 2064 1778 2110 sese
1810 2041 2143 2127 theologos
2173 2041 2545 2109 hebraistas

181 2148 777 2235 ‚fallaciloquenter
840 2147 1081 2233 fingere
1142 2170 1270 2217 non
1325 2155 1615 2231 cessant,
1670 2169 1818 2215 cum
1894 2148 2033 2215 sint
2104 2148 2231 2233 ipsi
2288 2147 2548 2233 penitus

226 2254 450 2321 indocti
505 2261 579 2323 et
643 2255 884 2321 nullius
949 2256 1133 2323 bonae
1194 2256 1358 2323 artis
1411 2253 1655 2322 initiati
1700 2302 1911 2321 .....
1970 2251 2209 2332 Quales
2268 2256 2547 2337 uterque

218 2366 493 2427 nostrum
533 2360 678 2447 jam
739 2360 994 2445 pridem
1053 2361 1268 2429 sortiti
1319 2382 1543 2429 sumus
1608 2360 1921 2445 mastigas
1976 2356 2275 2425 Judaeum
2338 2356 2551 2442 bapti-

219 2471 414 2533 zatum
460 2466 744 2553 quisque
805 2488 992 2533 suum
1010 2517 1027 2549 ,
1083 2473 1160 2533 tu
1203 2466 1384 2533 illum
1432 2467 1545 2552 qui
1604 2471 1669 2533 te
1716 2463 2178 2549 contempserit
2220 2464 2289 2529 in
2351 2461 2551 2531 medi·

218 2572 389 2639 candi
452 2571 776 2639 facultate
836 2576 884 2654 ¹,
953 2594 1145 2659 quem
1211 2572 1402 2639 Ulma
1470 2578 1587 2639 tua
1632 2569 1907 2637 celebris
1974 2568 2237 2635 civitate
2302 2569 2547 2653 exegit3

217 2697 286 2743 ac
328 2700 443 2763 ego
492 2700 645 2744 eum
693 2677 806 2765 qui
851 2677 1008 2745 mihi
1039 2678 1360 2745 restiterit
1402 2678 1472 2743 in
1516 2681 1794 2762 utroque
1830 2676 1979 2760 jure
2017 2672 2550 2740 calumniatorem

217 2784 772 2851 mendacissimum
819 2792 886 2851 et
931 2783 1207 2870 perfidia
1255 2790 1615 2851 scatentem
1648 2832 1663 2850 .
1696 2832 1711 2850 .
1747 2832 1763 2848 .

378 2910 884 2985 Widmungsbrief
908 2912 1014 2971 der
1043 2909 1270 2973 schrift:
1318 2912 1703 2987 Hippocrates
1734 2910 1809 2973 de
1838 2907 2263 2984 praeparatione
2307 2904 2552 2966 hominis

219 3015 514 3091 (Reuemin
549 3016 610 3077 s,
647 3018 728 3076 96
761 3015 815 3075 Α
851 3014 915 3092 2)
946 3012 1055 3079 Ab.
1090 3004 1178 3079 bis
1211 3019 1263 3078 A
1297 3022 1388 3078 4⁸.

1259 3199 1508 3267 CLVII.

347 3288 648 3355 Nfirnberg.
2085 3293 2106 3337 1
2150 3287 2279 3338 Deo.
2326 3287 2476 3336 1512.

295 3401 740 3478 Bilibaldus
791 3402 1230 3502 Pyrkaimer
1250 3405 1280 3452 2
1335 3403 1388 3477 J
1389 3402 1620 3477 oanni
1672 3399 2042 3477 Reuohlin
2095 3399 2431 3473 salutem.

385 3549 650 3634 Scripsi,
695 3549 795 3613 vir
838 3548 1215 3630 clarissime,
1261 3554 1491 3614 aestate
1524 3547 1749 3633 elapsa
1782 3545 1808 3587 ⁸
1854 3566 2001 3611 cum
2030 3544 2179 3611 hinc
2210 3544 2541 3610 Treverim

221 3652 512 3719 abiturus
575 3660 813 3734 essem,
874 3653 1194 3739 simulque
1252 3654 1371 3721 tibi
1416 3654 1673 3721 ostendi
1720 3650 2176 3719 Demosthenis
2224 3649 2552 3715 orationes

223 3778 344 3824 una
399 3779 548 3826 cum
611 3760 1094 3825 commentariis
1141 3781 1222 3826 ex
1267 3760 1559 3827 venetiis
1604 3758 1842 3827 allatas
1890 3778 2027 3823 esse
2060 3754 2107 3819 4.
2198 3754 2357 3821 inde
2404 3774 2552 3819 cum

1328 3884 1367 3920 θ’

223 3967 300 4017 die
333 3968 470 4019 nach
507 3969 708 4018 seincm
746 3968 867 4019 todo
905 3968 1337 4037 herausgegeben
1380 3968 1620 4021 wurdenz
1658 3967 1770 4034 vgl.
1798 3968 2172 4032 Weyermannz
2210 3947 2556 4015 nachricbten

226 4071 317 4107 von
356 4056 632 4107 kiinstlern
671 4055 778 4107 und
817 4057 1086 4123 gelehrten
1123 4059 1180 4107 in
1219 4059 1341 4111 Ulm
1385 4061 1517 4110 1798
1566 4057 1589 4105 1
1626 4074 1669 4109 s.
1710 4059 1811 4107 487
1851 4057 1925 4122 fg.
2000 4056 2175 4106 Wann
2212 4052 2431 4105 Stocker
2470 4050 2555 4102 die

228 4142 624 4197 bekanntschaft
652 4144 936 4195 Reuchlins
963 4145 1210 4212 gemacht
1234 4146 1343 4209 hat,
1381 4145 1610 4197 dai-iiber
1635 4144 1810 4195 fehlen
1836 4144 1923 4196 die
1945 4142 2313 4205 nachrichten,
2341 4141 2555 4206 Weyer-

229 4246 374 4283 mann
405 4233 477 4283 ist
513 4232 881 4299 vorliegender
918 4233 1062 4285 brief
1091 4234 1399 4287 unbekannt
1434 4232 1735 4300 geblieben.

367 4325 389 4370 1
429 4306 575 4373 ὕδει·
611 4319 784 4372 dieses
821 4323 1080 4388 croigniss
1118 4336 1216 4375 aus
1253 4322 1371 4375 dem
1408 4322 1563 4374 leben
1592 4321 1685 4373 des
1722 4319 1974 4379 Stokarus
2012 4320 2083 4370 ist
2118 4318 2217 4369 mir
2253 4315 2429 4369 nichts
2464 4317 2555 4369 be·

233 4406 401 4459 kannt.
556 4413 585 4459 2
623 4408 938 4475 Pyrkaimar
987 4415 1038 4461 2.
1128 4410 1491 4462 Pirckheimer
1526 4409 1766 4462 Johanni
1820 4406 2117 4458 Reuchlino
2168 4409 2219 4454 4.
2366 4406 2397 4453 3
2450 4405 2557 4453 Der

235 4492 376 4567 brief,
399 4498 491 4577 auf
509 4497 610 4554 den
637 4498 752 4557 hier
777 4498 990 4557 Pirckh.
1015 4500 1133 4558 sich
1160 4498 1386 4573 hezicht,
1421 4502 1491 4553 ist
1518 4500 1665 4559 nicht
1690 4498 1943 4558 crhalten,
2088 4500 2119 4552 4
2158 4492 2325 4549 Simul
2350 4490 2557 4546 ostendi
