2950 5042
1227 398 1354 467 189

499 662 506 667 ,
693 628 700 634 -
1143 588 1436 659 CLXIII.
1728 630 1735 635 ·
2178 625 2183 632 ·
2348 640 2353 647 .

275 680 532 745 Stnttgart.
1982 679 2015 729 5
2055 678 2189 746 Aug.
2234 678 2385 731 1518.

154 768 542 843 Reverendo
580 766 829 843 Abbae
885 766 965 841 in
1011 764 1427 841 Ottenbura
1463 766 1606 841 Dn.
1658 764 1883 869 Leon.
1937 766 2454 843 colendissimo

903 915 1037 965 suo
1092 888 1146 965 J
1148 914 1214 962 0.
1273 887 1663 964 Reuchlin.

303 1038 472 1104 Petis
538 1035 917 1105 Reverendo
979 1034 1170 1103 Abba
1231 1040 1298 1102 et
1357 1034 1616 1103 domine
1682 1036 1773 1103 mi
1857 1035 2460 1121 observandissime,

157 1150 214 1210 ut
250 1143 508 1209 Cantica
556 1143 744 1209 Cant.
805 1162 1012 1227 graece
1060 1140 1329 1209 Nicolao
1381 1143 1402 1180 ²
1450 1145 1565 1209 tuo
1611 1142 1891 1224 mittam,
1950 1164 2107 1210 sane
2152 1144 2483 1211 fecissem·

155 1250 196 1314 si
231 1248 523 1316 haberem
571 1249 686 1333 qui
731 1270 850 1314 nec
894 1248 1018 1315 tibi
1061 1268 1272 1333 neque
1316 1246 1410 1313 illi
1452 1246 1769 1314 hactenus
1812 1246 2162 1335 quidquam
2194 1250 2443 1335 negavi.

156 1354 255 1419 Sed
292 1359 510 1422 tantus
555 1354 717 1421 mihi
764 1360 866 1420 est
912 1374 1068 1438 erga
1111 1354 1476 1439 linguarum
1526 1353 1843 1419 idiomata
1904 1361 1972 1421 et
2016 1356 2455 1440 proprietates

156 1458 332 1540 ardor,
374 1465 448 1526 ut
494 1482 627 1526 non
675 1459 864 1526 valde
912 1458 1213 1528 laborare
1260 1458 1721 1527 consueverim
1769 1458 2006 1526 librum
2026 1472 2031 1479 ·
2054 1459 2295 1528 habere
2340 1446 2484 1528 ali-'-

156 1584 308 1647 quem
347 1566 414 1631 in
459 1565 596 1633 alia
642 1565 878 1649 lingua,
925 1586 1120 1651 quam
1166 1565 1233 1631 in
1281 1586 1378 1647 ea,
1423 1564 1489 1631 in
1543 1585 1671 1651 qua
1706 1570 1810 1631 est
1838 1565 2137 1633 conditus
2168 1567 2475 1634 omnium'

157 1668 342 1752 prim0,
385 1692 651 1757 semper
706 1671 846 1755 ipse
892 1671 1128 1739 timens
1173 1670 1256 1737 de
1301 1670 1640 1738 translatis
1687 1690 1833 1756 quae
1880 1692 1985 1738 me
2036 1692 2207 1757 saepe
2252 1692 2453 1757 quou-

160 1772 271 1839 ‹lam
310 1797 532 1843 errare
578 1776 892 1843 fecerunt.
983 1776 1198 1856 Quare
1245 1776 1495 1843 Novum
1526 1776 2018 1844 Testamentum
2052 1798 2259 1863 graece
2286 1776 2450 1863 lego,

166 1878 318 1947 Vetus
361 1881 692 1961 hebraice,
739 1882 806 1946 in
853 1882 1034 1967 quus
1082 1882 1484 1967 expositione
1517 1881 1691 1949 malo
1724 1880 2047 1949 confidere
2078 1904 2223 1949 meo
2254 1904 2453 1969 quam

157 1983 380 2053 alterius
439 1987 721 2071 ingenio.
830 1986 934 2053 Sic
1003 1988 1082 2053 de
1159 1987 1416 2055 caeteris
1482 1986 1676 2054 soleo.
1780 1987 2165 2075 Quanquam
2222 1988 2451 2057 audire

153 2111 368 2175 quoque
434 2092 606 2159 alios
674 2113 802 2159 nou
870 2091 1181 2178 dedignor
1248 2099 1316 2161 et
1378 2094 1728 2161 multorum
1796 2093 2171 2161 intellectus
2250 2102 2451 2181 atque

152 2214 307 2261 sensa
357 2196 645 2264 libenter
689 2198 1006 2283 percipio,
1062 2200 1230 2266 sicut
1273 2198 1454 2266 cibos
1500 2204 1689 2284 gusto
1737 2219 1865 2265 non
1912 2206 1987 2265 ut
2045 2221 2280 2285 panem
2328 2199 2446 2295 sed

151 2298 402 2368 bellaria.
495 2304 604 2369 Ita
648 2303 1024 2371 inconcinne
1057 2305 1535 2372 transtulerunt
1580 2305 1851 2391 quisque
1881 2327 2002 2390 pro
2037 2326 2153 2373 suo
2176 2306 2471 2393 judicio.-

149 2400 222 2470 De
261 2410 672 2475 contentione
732 2408 1005 2476 multum
1074 2417 1338 2477 versata
1391 2411 1566 2477 inter
1612 2431 1714 2478 me
1763 2416 1835 2477 et
1878 2410 2214 2495 theologos
2260 2410 2449 2480 Colo-

147 2508 366 2579 nienses
411 2514 759 2581 Nicolaum
807 2504 990 2581 tuum
1036 2516 1206 2582 facio
1255 2516 1600 2583 certiorem
1654 2516 1831 2603 quod
1877 2516 2203 2585 Caesarea
2250 2518 2482 2603 Maio-NJ

142 2619 252 2681 stas
308 2626 460 2703 post
504 2627 886 2705 porrectum
941 2622 1002 2688 ei
1053 2621 1292 2688 librum
1349 2622 1622 2689 latinum
1679 2621 2069 2709 nuperrimae
2131 2622 2448 2690 defensio-

141 2720 218 2785 nis
257 2745 407 2790 meae
452 2725 648 2792 nobis
694 2726 1008 2794 universis
1055 2749 1135 2795 ex
1180 2727 1476 2796 omnibus
1508 2726 1807 2813 partibus
1839 2727 2171 2794 mandavit
2211 2749 2442 2812 pacem

145 2830 196 2889 et
272 2837 662 2916 perpetuum
731 2833 1056 2899 silentium
1121 2834 1446 2919 imposuit.
1556 2832 1647 2900 Ut
1712 2832 1813 2899 his
1882 2832 2089 2899 literis
2139 2834 2164 2873 ²
2237 2840 2479 2919 patet,.

141 2950 274 3013 quas
335 2934 442 3003 hic
501 2938 592 3003 ad
652 2943 719 3003 te
783 2940 993 3005 mitto.
1091 2938 1255 3006 Sunt
1308 2938 1419 3023 qui
1483 2944 1717 3023 putent
1782 2936 2191 3005 adversarios
2261 2962 2474 3009 meos.

140 3038 287 3116 pacis
328 3040 590 3107 futuros
639 3064 779 3109 esse
826 3044 1160 3111 fractores.
1237 3046 1373 3130 Ego
1403 3066 1631 3131 pacem
1663 3066 2041 3131 prosequar,
2073 3045 2193 3112 nisi
2227 3046 2439 3113 denuo
2467 3038 2478 3131 ζ

140 3142 330 3220 pulsus
369 3148 776 3231 ¹gravissima
833 3149 1088 3236 injuria.
1181 3149 1410 3217 Valcte
1482 3150 1777 3217 feliciter.
1870 3152 1967 3217 Ex
2044 3152 2476 3239 Stutgardim·

140 3249 294 3315 nonis
337 3251 565 3318 Sextil.
621 3259 813 3321 1513.

283 3358 610 3423 Gedruckt:
675 3364 1022 3443 Schelhorn,
1055 3366 1416 3427 amoenitates
1449 3366 1526 3439 (s.
1556 3364 1638 3441 o.)
1670 3382 1716 3427 s.
1755 3367 1878 3426 597
1912 3364 1951 3426 f.

1134 3566 1409 3635 CLXIV.

251 3646 593 3705 Ottobeuren.
1929 3657 1993 3707 13
2032 3657 2169 3723 Aug.
2215 3658 2367 3709 1513.

144 3727 356 3815 Frater
379 3741 741 3818 Nicolaus
765 3740 1075 3820 Cubitus
1112 3742 1166 3820 J
1169 3745 1396 3819 oanni
1421 3743 1792 3821 Reuchlin
1822 3742 2227 3820 Phorcensi
2264 3746 2338 3823 S.
2359 3745 2434 3823 d.
2462 3740 2470 3749 ⁸

290 3888 678 3967 Doctissime
737 3891 1278 3981 integerrimeque
1338 3892 1462 3974 vir,
1530 3914 1694 3981 quas
1748 3894 1835 3959 ad
1900 3898 2158 3979 patrem
2221 3914 2466 3961 meum·

139 3994 529 4061 reverendum
572 3996 882 4063 abbatem
914 3998 1152 4066 dedisti
1182 3998 1408 4065 literas
1442 3999 1468 4038 ⁸
1511 3998 1656 4083 legi,
1700 3999 1921 4086 itaque
1953 3998 2442 4075 excusationem

139 4094 287 4163 tuam
345 4122 539 4187 quam
604 4104 913 4189 assignas,
997 4126 1113 4171 cur
1170 4106 1379 4171 minus
1450 4106 1726 4189 petitum
1787 4126 1830 4173 a
1889 4111 1956 4172 te
2016 4103 2253 4171 librum
2308 4104 2437 4172 huc
2460 4164 2468 4187 ἲ

139 4198 356 4273 miseris
422 4208 614 4275 facile
677 4209 944 4295 accipio.
1035 4211 1134 4278 Ea
1181 4210 1352 4277 enim
1395 4210 1555 4276 mihi
1599 4210 1679 4277 de
1726 4216 1843 4279 tua
1886 4219 1987 4280 est
2031 4211 2471 4307 humanitate„

1251 4339 1288 4380 εκ

259 4425 282 4473 1
315 4423 548 4497 Nicolao]
585 4426 866 4497 Ellenbog.
1015 4432 1043 4479 2
1086 4428 1188 4482 Die
1210 4428 1452 4485 urkunde
1490 4410 1562 4480 ist
1598 4429 1763 4483 leider
1798 4432 1948 4485 nicht
1984 4404 2263 4486 erhaltens
2310 4396 2467 4503 Vgls
2537 4414 2551 4425 ⁹

141 4500 253 4559 oben
280 4526 385 4567 nro.
419 4515 560 4569 CLX
600 4532 652 4570 u.
688 4534 730 4571 s.
776 4520 904 4574 187⁸
940 4520 993 4570 2.
1119 4520 1170 4582 ,3
1208 4518 1259 4573 S.
1299 4533 1410 4573 vor.
1447 4531 1560 4593 nro.
2022 4531 2028 4537 ·
2306 4535 2317 4557 τ
