2950 5042
1296 408 1423 473 147

196 594 409 676 deant,
467 595 736 681 quando
794 595 971 663 inter
1030 594 1435 665 Christianos
1491 602 1562 665 et
1597 598 1620 637 ¹
1692 598 1952 684 quidem
2013 601 2186 668 inter
2241 622 2354 669 eos
2415 602 2529 689 qui

192 700 360 767 docti
414 706 845 785 reputantur,
900 706 967 767 te
1020 701 1281 768 unicum
1339 702 1704 771 invenerint
1753 704 1796 785 ²,
1858 707 1970 791 qui
2029 728 2214 773 suam
2261 728 2526 775 causam

191 812 354 891 agat,
413 812 679 873 tutetur
737 826 815 871 ac
860 805 1196 887 defendat,
1244 807 1433 891 quasi
1476 827 1596 873 nec
1631 807 1658 847 ⁸
1717 808 2048 877 Christum
2066 856 2082 886 ,
2127 826 2340 893 neque
2390 807 2532 871 Vir-

191 913 398 995 ginem
445 918 757 991 matrem,
816 932 1025 995 neque
1077 911 1437 997 apostolos,
1501 932 1714 999 neque
1758 912 1954 982 fidem
2014 920 2310 983 nostram
2367 912 2534 979 inte-

190 1025 508 1081 meratam
564 1015 1058 1100 blasphement⁴
1102 1021 1222 1083 aut
1280 1016 1683 1101 vituperent,
1729 1019 1848 1086 sed
1908 1020 2217 1107 quicquid
2259 1018 2527 1097 faciant,

190 1129 301 1188 aut
345 1123 635 1205 majores
680 1140 905 1187 eorum
950 1121 1331 1205 scripserint
1374 1122 1442 1188 in
1497 1123 1598 1189 sni
1643 1121 2084 1192 defensionem
2147 1130 2214 1191 et
2255 1122 2418 1189 nulli
2463 1120 2532 1186 in

192 1227 644 1313 praejudicium
706 1230 824 1291 aut
876 1225 1267 1311 vituperium
1312 1226 1602 1295 fecerint.
1695 1230 1782 1296 Et
1826 1230 1982 1316 quia
1999 1280 2016 1311 ,
2063 1235 2138 1298 ut
2193 1227 2356 1295 illud
2399 1227 2524 1293 Im·-

188 1332 543 1417 peratoriae
590 1330 922 1415 Majestati
979 1329 1379 1398 sufficienter
1429 1334 1828 1417 persuadere
1873 1356 2100 1421 posses
2116 1385 2133 1417 ,
2193 1333 2406 1400 varias
2464 1337 2534 1397 et

192 1438 459 1523 quidem
502 1436 821 1503 invalidas
865 1436 1153 1503 rationes
1208 1457 1596 1505 aranearum
1639 1439 1788 1506 telis
1841 1439 2205 1525 fragiliores
2239 1438 2266 1479 ⁶
2317 1438 2522 1506 addu-

195 1543 365 1625 xisti,
413 1542 813 1609 autoritates
870 1555 1129 1627 quoque
1184 1542 1471 1609 diversas
1527 1545 1870 1627 scripturae
1923 1566 2128 1613 sacrae
2185 1552 2252 1613 et
2310 1542 2527 1612 sacro-

191 1670 333 1713 rum
384 1648 730 1714 doctorum
760 1647 787 1687 ⁶
848 1649 1203 1715 renitentes
1264 1648 1350 1714 ad
1394 1669 1657 1715 sensum
1703 1670 1898 1734 quem
1951 1657 2026 1717 tu
2071 1650 2334 1717 volebas
2379 1670 2534 1715 con-

192 1753 460 1833 torsisti,
510 1752 853 1819 nonnullas
884 1754 1082 1818 etiam
1115 1753 1469 1837 positiones
1487 1754 1509 1793 ⁷
1539 1753 1978 1836 scandalosas,
2009 1754 2178 1822 male
2205 1759 2532 1837 sonantes,

201 1864 251 1923 et
290 1858 559 1943 piarum
604 1860 861 1925 aurium
907 1856 1249 1925 offensivas
1294 1858 1443 1924 hinc
1487 1857 1638 1923 inde
1683 1857 2154 1943 interseruisti,
2203 1880 2332 1945 quo
2395 1881 2532 1925 sus-

192 1972 451 2047 pectum
510 1972 577 2029 te
642 1962 987 2030 reddidisti
1018 1962 1073 2043 ⁸,
1153 1964 1341 2048 quasi
1398 1982 1528 2029 non
1581 1969 1763 2031 caste
1822 1985 1984 2048 pure
2031 1988 2110 2033 ac
2173 1966 2533 2051 synceriter

190 2076 258 2133 ut
301 2074 573 2153 oportet
620 2069 701 2134 de
744 2067 891 2148 fide,
938 2068 1019 2133 de
1065 2068 1405 2153 scripturis
1452 2068 1681 2151 sacris,
1729 2069 1810 2137 de
1857 2070 2316 2138 ecclesiasticis
2360 2076 2530 2137 trac-

191 2172 519 2240 tatoribus
566 2174 810 2239 sentias
845 2172 888 2239 ⁹.
980 2172 1165 2252 Quod
1221 2173 1407 2241 nobis
1444 2174 1496 2213 ¹⁰
1556 2174 1970 2244 vehementer
2015 2183 2084 2244 et
2127 2176 2276 2262 plus
2325 2197 2521 2262 quam

194 2278 318 2345 dici
380 2284 602 2363 potest
661 2277 871 2358 dolet,
925 2284 1003 2343 ut
1057 2284 1221 2363 puta
1278 2278 1713 2345 commembro
1759 2286 1982 2348 nostro
2026 2280 2352 2349 infirmato
2399 2302 2520 2366 pro

196 2384 553 2449 christiana
619 2384 865 2469 pietate
948 2382 1441 2450 condolentibus
1502 2384 1572 2450 ¹¹.
1684 2383 1884 2465 Nam,
1957 2392 2126 2453 teste
2196 2386 2529 2470 Apostolo,

195 2509 416 2555 omnes
462 2510 665 2554 unum
708 2488 947 2573 corpus
992 2509 1214 2555 sumus
1262 2494 1584 2573 quotquot
1627 2488 1695 2553 in
1739 2488 2000 2557 Christo
2058 2492 2374 2578 baptisati
2427 2512 2534 2558 su-

196 2616 360 2660 mus.
462 2592 559 2659 Ne
636 2613 789 2678 ergo
846 2593 1093 2659 malum
1146 2593 1269 2660 hoc
1336 2594 1403 2659 in
1462 2593 1626 2659 alios
1687 2594 1886 2662 latius
1941 2603 2259 2681 serperet,
2315 2616 2528 2681 neque

195 2705 267 2764 tu
320 2700 391 2765 in
440 2719 518 2765 eo
568 2706 1151 2785 computresceres,
1198 2720 1361 2766 neve
1396 2699 1450 2739 ¹²
1495 2697 1727 2783 perfidi
1777 2699 1990 2768 Judaei
2031 2702 2100 2767 in
2144 2702 2531 2769 immensum

194 2806 657 2889 gloriarentur,
714 2811 973 2872 mature
1034 2804 1536 2871 deliberavimus
1595 2804 1676 2871 de
1721 2805 1912 2871 modo
1962 2828 2090 2892 quo
2135 2828 2256 2892 per
2301 2828 2417 2874 nos
2464 2812 2532 2873 et

193 2910 375 2989 alios,
432 2930 711 2995 quorum
768 2909 837 2975 id
892 2910 1170 2976 maxime
1229 2911 1536 2994 interest,
1613 2910 1763 2977 huic
1815 2910 1986 2977 malo
2053 2918 2527 2979 occurreretur.

194 3015 431 3081 Verum
487 3016 713 3099 paucis
778 3016 1024 3081 exactis
1088 3016 1143 3057 ¹⁸
1209 3014 1441 3082 diebus
1501 3016 1870 3083 Venerandi
1936 3017 2233 3103 Magistri
2303 3018 2531 3098 nostri,

197 3118 517 3187 Arnoldus
546 3118 627 3187 de
648 3120 948 3205 Tungeri,
980 3142 1099 3187 nec
1128 3141 1257 3186 non
1272 3120 1610 3187 Conradus
1631 3120 1825 3189 Kolin
1847 3122 2210 3191 confratres
2225 3124 2436 3191 nostri
2457 3124 2530 3204 ¹⁴,

198 3225 377 3293 nobis
424 3225 747 3311 quasdam
790 3228 1016 3294 literas
1048 3248 1129 3293 ex
1174 3233 1241 3294 te
1272 3225 1357 3292 ad
1400 3248 1471 3293 se
1504 3228 1693 3295 datas
1719 3225 1770 3267 ²⁵
1799 3228 2246 3312 ostenderunt,
2291 3229 2530 3315 quibus

198 3351 417 3397 revera
480 3349 611 3397 non
678 3354 939 3417 parum·
966 3332 1209 3399 fuimus
1264 3332 1641 3415 exhilarati,
1691 3332 1869 3418 quod
1909 3333 2040 3400 illis
2085 3333 2531 3402 infirmitatem

200 3442 368 3503 tuam
416 3444 485 3503 et
526 3436 963 3521 improvidum
1010 3458 1300 3504 errorem
1344 3438 1682 3504 humiliter
1727 3444 1794 3503 et
1840 3438 2154 3506 catholice
2194 3439 2527 3521 fatebaris,

199 3544 473 3627 rogando
530 3544 791 3611 eosdem
856 3549 1178 3627 quatenus
1234 3549 1300 3610 te
1358 3549 1583 3610 nostro
1650 3542 1934 3627 Collegio
1981 3544 2528 3624 commendarent,

200 3666 273 3711 ac
334 3648 587 3733 singula
644 3648 711 3713 in
770 3654 1025 3733 partem
1070 3648 1403 3714 meliorem
1456 3650 2050 3732 interpretarentur
2085 3648 2168 3728 ¹⁶,
2227 3649 2406 3733 quod
2461 3654 2530 3715 et

203 3749 317 3833 ipsi
366 3753 711 3837 diligenter
770 3774 918 3819 cum
973 3774 1206 3839 magna
1266 3753 1586 3819 charitate
1605 3802 1620 3833 ,
1683 3752 2226 3839 quemadmodum
2284 3752 2538 3837 petisti,-

204 3854 405 3925 facere
470 3864 866 3937 curaverunt
938 3856 1421 3944 effeceruntque
1441 3909 1456 3940 ,
1528 3864 1606 3923 ut
1660 3864 1726 3924 te
1795 3857 2190 3925 catholicum
2243 3858 2530 3925 ecclesiae

1335 4003 1367 4039 *

340 4094 359 4141 1
398 4090 465 4143 Et
482 4089 823 4157 ausgelassen
847 4094 890 4142 1.
989 4094 1017 4141 2
1057 4090 1377 4142 Inuenerunt
1397 4096 1441 4143 1.
1539 4092 1570 4141 3
1607 4089 1718 4141 Nec
1734 4092 1782 4140 2.
1880 4092 1914 4139 4
1943 4086 2452 4155 Unquamzugefiigt
2480 4090 2528 4140 2.

207 4175 237 4224 5
273 4179 353 4229 Ar.
391 4180 475 4233 tel.
514 4180 650 4246 frag.
690 4178 1035 4245 ausgelassen
1077 4184 1125 4231 2.
1235 4181 1265 4229 6
1305 4179 1450 4231 Sacr.
1475 4177 1636 4246 doct.]
1673 4179 1949 4244 utriusque
1971 4177 2103 4229 iuris
2128 4176 2186 4247 (l)
2213 4182 2261 4230 2.
2373 4180 2401 4226 7
2427 4178 2528 4227 Pro

207 4265 469 4327 positiones
513 4275 555 4319 1.
666 4272 699 4320 8
736 4266 933 4319 Reddis
968 4274 984 4319 1
1018 4274 1070 4319 et
1096 4268 1181 4319 fiir
1206 4282 1269 4318 ac
1298 4272 1344 4318 1.
1442 4268 1473 4317 9
1501 4266 1733 4318 Sentii-es
1772 4268 1824 4317 3.
1923 4270 1985 4319 10
2020 4266 2127 4318 Nos
2159 4270 2202 4317 1.
2307 4270 2365 4315 11
2396 4264 2530 4316 Con·

212 4350 424 4406 dolentes
468 4362 509 4409 1.
626 4360 685 4406 12
724 4358 834 4407 Nec
870 4358 955 4407 fiir
990 4372 1125 4407 neve
1170 4362 1212 4407 1.
1325 4358 1387 4405 13
1427 4354 1580 4405 Nunc
1626 4356 1810 4420 paucis
1848 4356 2080 4423 peractis
2125 4360 2170 4405 1.
2287 4358 2350 4403 14
2386 4354 2530 4405 Tun-

215 4442 313 4501 gsri
346 4446 390 4493 2.
428 4445 607 4495 Frater
644 4444 915 4501 Conradus
954 4445 1017 4495 de
1043 4445 1225 4507 Ulma,
1278 4458 1545 4496 sacrarum
1591 4442 1862 4494 literarum
1899 4445 2222 4512 professores
2259 4443 2442 4494 eximii
2481 4448 2535 4495 2.

222 4528 275 4577 15
307 4528 354 4581 8.
388 4546 433 4585 o.
479 4548 591 4585 nro.
632 4532 826 4585 CXXX
858 4533 968 4585 und
1006 4533 1246 4587 CXXXI.
1397 4532 1459 4581 16
1499 4531 1870 4597 Benigniorem
1912 4532 2280 4669 coritbm*nobis
2323 4537 2368 4584 1.
