2950 5042
1265 359 1348 426 81

205 545 364 613 debet
420 548 482 614 in
546 571 728 616 omne
797 570 1000 616 aevum
1063 555 1386 634 perpetua
1443 547 1839 633 gratitudine
1884 569 2061 630 mea,
2106 569 2235 616 non
2280 547 2471 617 modo

202 673 326 737 erga
366 659 426 719 te
470 654 576 740 qui
621 656 774 721 mihi
820 662 1006 722 tanto
1052 656 1426 742 adjumento
1474 676 1616 720 esse
1662 655 1957 737 voluisti,
2004 676 2225 722 verum
2274 656 2471 722 etiam

198 758 250 821 in
294 765 423 826 tuos
477 766 540 826 et
597 762 968 828 monasterii
1027 762 1124 828 tui
1186 761 1422 827 fratres
1484 783 1561 828 ac
1609 759 1715 826 dei
1773 783 2023 843 servos,
2078 760 2193 847 qui
2250 768 2474 828 noctes

198 870 358 950 atque
401 865 533 932 dies
577 867 642 932 in
688 867 1002 934 creatoris
1052 866 1361 952 obsequio
1409 867 1827 934 famulantur.
1920 867 2105 946 Quod
2164 868 2333 934 enim
2378 867 2477 932 illi

197 970 275 1034 vel
326 971 580 1038 officium
636 973 736 1038 vel
792 972 1172 1040 beneficium
1227 974 1294 1040 in
1355 973 1513 1038 mihi
1568 972 1993 1058 gratificando
2051 995 2338 1060 unquam
2381 973 2473 1040 in·

197 1077 608 1144 termiserunt?
669 1085 786 1145 aut
843 1101 1038 1164 quam
1099 1080 1573 1145 humanitatem
1634 1078 2009 1146 domesticis
2068 1081 2229 1148 meis
2278 1079 2477 1146 ullam

196 1185 506 1264 negarunt?
596 1184 840 1263 Quibus
888 1205 1033 1250 cum
1089 1185 1154 1250 in
1201 1189 1336 1250 tam
1383 1185 1661 1252 molesto
1708 1187 1841 1254 otio
1888 1189 1910 1228 ²
1957 1191 2025 1253 et
2068 1186 2477 1253 bibliothecae

195 1306 316 1350 meae
355 1289 520 1354 tristi
565 1289 866 1356 absentia
921 1290 1034 1356 diu
1095 1312 1346 1356 mecum
1403 1291 1545 1376 ipse
1606 1291 2130 1374 subdubitarem,
2178 1292 2391 1379 qualis
2437 1313 2479 1356 a

195 1411 270 1456 me
306 1394 498 1477 gra-tia
545 1395 892 1476 referatur,
941 1402 1058 1462 tua
1101 1418 1242 1462 sum
1277 1397 1733 1464 adhortatione
1765 1399 1979 1465 factus
2010 1401 2267 1480 certior,
2315 1395 2475 1464 nihil

195 1496 296 1562 fore
356 1502 518 1584 quod
593 1501 1122 1569 adulescentibus
1185 1503 1316 1568 tuis
1382 1502 1485 1568 vel
1532 1504 1727 1570 etiam
1796 1510 2121 1589 provectae
2170 1505 2195 1542 ⁹
2261 1503 2476 1569 aetatis

199 1607 584 1674 sacerdotibus
667 1607 750 1674 ad
831 1609 1150 1694 regendas
1212 1609 1558 1694 parochias
1614 1609 1657 1689 ³,
1738 1631 2015 1695 quarum
2093 1609 2215 1676 tibi
2290 1610 2479 1695 copia

207 1713 286 1788 est,
315 1714 500 1796 magis
550 1714 918 1780 conducere
964 1714 1202 1799 possit,
1251 1737 1446 1799 quam
1493 1715 1549 1780 si
1592 1714 1661 1781 id
1706 1737 2033 1797 curarem,
2082 1721 2155 1781 ut
2198 1715 2266 1780 in
2330 1721 2476 1782 arte

201 1816 528 1894 praedicandi
587 1819 941 1886 evaderent
988 1842 1181 1906 quam
1241 1821 1613 1887 doctissimi.
1707 1823 1857 1888 Feci
1911 1821 2114 1906 igitur
2185 1821 2359 1907 quod
2414 1819 2483 1886 in

197 1923 288 1986 tam
326 1932 626 2009 suspecta
669 1931 1055 2011 tempestate
1107 1927 1210 1994 vel
1247 1949 1384 2012 prae
1415 1929 1444 1968 ⁴
1490 1929 1743 2009 timore,
1793 1928 1895 1994 vel
1948 1947 2217 1994 maerore
2277 1927 2480 2012 potui,

193 2031 246 2089 ut
288 2051 398 2095 una
453 2030 1036 2098 lucubraciuncula
1100 2033 1238 2098 haec
1295 2034 1375 2100 de
1437 2040 1579 2100 arte
1640 2034 2041 2118 praedicandi
2089 2034 2482 2100 documenta

189 2151 578 2218 congererem,
629 2160 772 2222 quae
818 2139 1340 2205 adolescentibus
1386 2139 1517 2206 tuis
1565 2140 1707 2206 viva
1753 2162 1909 2207 voce
1972 2139 2364 2220 declamavi,
2410 2144 2486 2204 ut

185 2250 507 2308 crescerent
569 2243 838 2308 tandem
891 2245 957 2309 in
1027 2247 1197 2312 viros
1247 2245 1678 2330 evangelicos,
1747 2268 2027 2331 quorum
2074 2245 2482 2312 sermonibus

180 2341 330 2424 plebs
385 2349 469 2414 ad
519 2349 824 2416 meliores
881 2372 1094 2418 mores
1149 2357 1655 2417 converteretur.
1750 2353 1990 2438 Accipe
2037 2353 2233 2436 igitur
2280 2350 2404 2420 hoc
2452 2347 2478 2389 ⁶

182 2455 598 2520 munusculum
621 2461 806 2538 grato
832 2458 1061 2536 animo,
1096 2457 1288 2541 quod,
1325 2479 1694 2542 quanquam
1718 2479 1919 2542 parvo
1948 2457 1975 2497 ⁶
2009 2463 2191 2523 extat
2213 2477 2483 2540 corpore

181 2559 364 2624 tamen
403 2581 560 2626 mea
607 2563 936 2628 sententia
979 2562 1225 2629 lucebit
1264 2563 1615 2648 plurimum
1650 2563 1675 2603 '¹
1720 2563 2084 2630 virtutibus.
2160 2561 2326 2629 Vale
2356 2563 2486 2630 Ka-

179 2659 354 2732 lendis
396 2667 756 2734 Januariis.
850 2669 1034 2736 Anno
1085 2675 1274 2736 1503.

1293 2857 1359 2925 b.

593 2971 988 3050 Udalricus
1027 2977 1059 3028 8
1096 2971 1490 3047 Charintas
1530 2967 1627 3046 ad
1661 2970 2046 3046 Lectorem

574 3121 727 3184 Arte,
765 3120 945 3186 modo,
984 3120 1161 3172 officio
1199 3122 1281 3171 vis
1321 3119 1621 3172 declamare
1660 3117 1926 3170 sacerdos.

651 3210 861 3276 Prisce,
897 3225 964 3262 ne
1002 3209 1177 3278 fugias
1216 3223 1332 3276 quae
1371 3207 1527 3261 docet
1562 3209 1661 3261 iste
1698 3205 1854 3260 liber.

944 3415 1637 3608 Georgiusmsymler
1674 3504 1707 3554 ⁹

581 3673 654 3724 Ut
688 3672 862 3740 possis
903 3677 1024 3722 totae
1058 3678 1332 3739 penetrare
1371 3671 1599 3723 sileneia
1635 3670 1817 3720 turbae.

655 3761 919 3828 Grataque
951 3767 1202 3827 suggesto
1241 3759 1416 3812 dicere
1453 3759 1619 3814 verba
1652 3757 1821 3826 gregi,

1318 3918 1356 3958 ²1⁸

316 4034 338 4080 1
379 4034 524 4081 tanto
573 4027 796 4080 molesto
833 4030 883 4078 3.
1031 4031 1060 4076 2
1100 4025 1348 4092 profectae
1385 4027 1436 4076 3.
1582 4026 1613 4074 3
1665 4018 1967 4090 pariochias
2008 4022 2054 4069 1.
2092 4014 2405 4068 Parrocbias
2444 4019 2493 4068 3.

183 4114 212 4160 4
242 4116 413 4182 velpre
454 4123 499 4170 1.
611 4118 644 4166 5
685 4116 882 4182 Accipe
921 4131 1044 4181 ergo
1082 4115 1184 4166 hoc
1222 4116 1279 4164 in
1316 4115 1459 4164 mim.
1491 4116 1538 4164 3.
1652 4115 1681 4162 6
1720 4107 1905 4176 parvo]
1944 4122 2125 4174 parum
2154 4109 2202 4157 3.
2312 4109 2339 4154 7
2380 4103 2497 4171 plu·

183 4202 362 4254 rimam
393 4205 594 4258 lucebit
633 4207 714 4254 3..
813 4205 844 4254 s
883 4204 1162 4254 uldaricus
1202 4208 1250 4254 2.
1307 4187 1454 4253 iiber
1490 4200 1561 4251 U.
1602 4199 1697 4250 ch.
1736 4199 1809 4248 ist
1844 4198 1945 4248 mir
1978 4195 2153 4244 nahts
2190 4193 2372 4243 weiter
2408 4191 2496 4242 be-

183 4285 354 4342 kannt.
453 4295 483 4343 9
513 4292 731 4358 Georgii
774 4297 816 4344 1.
859 4292 1048 4344 Simler
1085 4297 1134 4342 2.
1198 4291 1248 4340 S.
1287 4290 1407 4356 geb.
1447 4291 1502 4338 in
1530 4286 1811 4351 Wimpfen,
1850 4284 2027 4334 rektor
2064 4282 2157 4332 def
2190 4281 2280 4330 lat.
2313 4277 2497 4330 schule

183 4375 234 4426 in
267 4379 590 4445 Pforzheim,
640 4395 746 4430 von
790 4381 918 4430 1511
976 4381 1108 4446 prof.
1146 4379 1238 4429 der
1273 4377 1452 4428 rechte
1490 4377 1544 4426 in
1584 4373 1886 4438 Tfibingen.
1960 4367 2283 4422 Literarisch
2316 4366 2408 4416 bat
2443 4379 2499 4414 er

186 4465 298 4515 sich
346 4468 504 4520 durch
550 4469 706 4520 einen
757 4475 1075 4520 commentar
1126 4483 1190 4518 zu
1227 4465 1519 4518 Reuchlins
1557 4461 1803 4528 Sergius,
1852 4460 1945 4512 der
1990 4461 2165 4508 zuei-st
2207 4455 2339 4506 1507
2388 4449 2499 4502 und

236 4579 509 4626 Reuehlin
2048 4545 2083 4603 6
