2950 5042
1227 378 1351 447 169

158 568 329 633 werde
390 570 502 636 mit
551 569 1107 656 philosophischer
1166 568 1326 637 rube
1372 567 1477 635 die
1525 567 2002 652 schmahungen
2049 567 2167 634 der
2210 566 2426 633 feinde

158 679 439 759 ertragen3
522 676 615 742 sie
690 676 851 743 aber
923 675 1177 743 werden
1262 674 1468 741 durch
1549 674 1690 741 ihre
1761 672 2157 741 schandthat
2237 672 2425 740 ihren

154 800 343 845 namen
392 781 494 847 fiir
550 781 655 849 die
701 781 971 849 zukunft
1027 779 1319 848 bekannt
1361 780 1651 847 macheu.
1756 779 2018 847 Viennae
2063 778 2426 857 Pannoniae,

156 885 302 952 nonis
344 887 669 971 Aprilibus
715 908 816 954 an.
871 892 1058 954 1512.

292 1030 595 1091 Gedruckt:
645 1036 676 1091 1
715 1054 799 1085 =
833 1032 897 1091 C.
930 1049 985 1092 v.
1021 1048 1071 1091 e.
1104 1030 1141 1090 h
1170 1025 1245 1091 2b
1276 1029 1364 1105 fg;
1422 1034 1457 1090 2
1485 1030 1643 1090 =J.
1676 1046 1730 1090 v.
1764 1046 1813 1088 e.
1849 1028 1887 1087 k
1922 1022 1995 1087 4b
2030 1020 2143 1103 fg.;
2195 1030 2230 1088 3
2255 1026 2422 1087 πο.

149 1156 187 1197 v.
204 1152 245 1197 e.
272 1138 338 1196 11.
368 1138 463 1197 fol.
500 1141 620 1198 62⁸
640 1136 727 1212 fg.
1741 1144 1746 1147 '

1108 1354 1414 1423 CXLVII.

258 1460 408 1512 Wien.
1939 1461 1970 1508 6
2011 1458 2157 1525 April
2203 1460 2352 1508 1512.

147 1566 183 1639 J
185 1592 421 1641 oannes
484 1564 985 1669 Cuspinianus
1048 1562 1654 1665 Choeroporeus¹
1718 1565 1771 1639 J
1774 1566 2002 1640 oanni
2063 1562 2429 1639 Reuohlin

1097 1689 1432 1765 salutem.

276 1872 718 1939 Eruditionem
764 1878 945 1939 tuam
992 1879 1191 1958 atque
1238 1872 1634 1952 doctrinam,
1689 1872 2059 1938 doctissime
2105 1871 2416 1955 Capnion,

144 1979 238 2040 tam
274 1978 333 2041 in
376 1980 550 2043 omni
602 1978 847 2046 dudum
892 1980 1160 2063 Europa.
1205 1979 1622 2045 decantatam
1666 1979 1760 2043 ita
1806 1978 2168 2062 amplector
2213 1984 2412 2064 atque

142 2083 441 2164 exosculor,
486 2090 571 2149 ut
616 2104 741 2148 non
788 2086 1028 2169 possim
1074 2106 1203 2152 non
1248 2084 1686 2151 commisereri
1723 2084 1860 2168 jam
1906 2084 2240 2168 incipienti
2289 2092 2418 2150 tuae

139 2190 405 2254 senectuti
451 2211 605 2276 quae
650 2190 897 2255 frustra
940 2212 981 2256 a
1028 2191 1245 2281 sciolis
1293 2196 1623 2270 tentatur,
1672 2190 1788 2256 sed
1835 2196 1907 2255 tu
1951 2189 2056 2255 fac
2104 2190 2310 2256 virum
2355 2196 2423 2256 te

141 2292 395 2361 exhibeas
458 2301 527 2361 et
598 2302 925 2385 μετεωρίαν
992 2299 1095 2361 καὶ
1148 2293 1439 2384 ἀβλεψίαν
1503 2308 1626 2360 τῶν
1699 2306 1910 2386 μωρῶν
1970 2295 2173 2362 facias
2229 2295 2428 2362 nihili.

137 2396 288 2465 Forte
332 2400 827 2467 Climactericus
861 2402 887 2441 ²
964 2408 1117 2468 tuus
1180 2425 1325 2469 cum
1388 2402 1636 2468 nullum
1698 2402 1906 2486 possit
1963 2408 2082 2467 aut
2129 2402 2420 2487 corporis

136 2510 221 2569 aut
270 2506 539 2572 fortunae
603 2505 1009 2591 dispendium
1056 2508 1176 2573 tibi
1222 2507 1490 2588 afferre,
1547 2508 1736 2573 famae
1782 2512 2056 2573 conatur
2091 2508 2421 2591 jacturam

134 2608 429 2678 adducere.
526 2612 661 2678 Sed
706 2619 772 2677 te
818 2635 1074 2699 quoque
1122 2613 1286 2697 finge
1334 2613 1545 2679 deum.
1638 2614 1859 2679 Habes
1904 2634 2167 2697 graecas,
2213 2612 2418 2678 habes

134 2712 327 2783 latinas
371 2718 854 2785 consolationes
901 2718 1345 2799 multiformes,
1394 2720 1447 2785 si
1497 2726 1560 2785 te
1599 2721 1737 2804 jam
1782 2718 2188 2785 hebraeorum
2220 2716 2416 2801 piget,

130 2821 370 2889 animum
414 2847 547 2889 non
584 2822 867 2907 dejicias.
960 2823 1091 2890 Sed
1135 2831 1206 2891 tu
1253 2825 1421 2892 forte
1465 2826 1624 2890 mihi
1655 2831 1892 2891 noctua
1924 2823 2213 2889 Athenas
2243 2823 2422 2889 dices

132 2927 267 3008 quod
307 2928 499 2995 facile
550 2923 813 3013 quidem
859 2929 1016 2995 fero.
1107 2930 1276 2996 Nam
1322 2932 1417 2996 ita
1462 2952 1606 2997 sum
1638 2936 1815 2996 totus
1859 2931 2199 2995 immersus
2246 2929 2426 2995 Coss.

128 3030 389 3101 Romanis
422 3058 594 3121 quos
621 3055 662 3099 a
694 3036 917 3119 primis
940 3035 1133 3101 Junio
1164 3043 1231 3101 et
1264 3038 1465 3103 Bruto
1499 3037 1585 3102 ad
1604 3035 1987 3103 Theodorici
2019 3056 2224 3120 usque
2255 3040 2419 3101 tem-

122 3156 253 3217 pora
294 3140 539 3206 deduxi
572 3162 655 3205 ex
686 3140 1073 3207 Cassiodoro
1120 3140 1299 3227 (nam
1335 3134 1772 3228 'imperatores
1819 3142 2062 3208 omneis
2095 3148 2163 3208 et
2194 3143 2426 3208 Roma-

123 3261 211 3307 nos
267 3253 335 3313 et
378 3248 650 3313 Graecos
716 3252 783 3311 et
846 3246 1205 3313 Germanos
1263 3254 1331 3314 et
1386 3248 1677 3315 Thurcos
1729 3250 1867 3335 jam
1932 3249 2174 3315 dudum
2240 3238 2446 3315 ador?

119 3354 272 3417 natos
314 3374 467 3418 mea
512 3352 967 3418 lucubratione
1014 3353 1323 3441 exaravi),
1369 3361 1445 3421 ut
1489 3355 1610 3421 sim
1655 3361 1894 3421 noctua
1941 3355 2258 3420 habetior.
2337 3356 2434 3420 Tu

120 3472 241 3520 vero
272 3457 295 3497 ³
380 3480 507 3543 pro
579 3478 799 3524 amore
864 3480 1009 3525 meo
1084 3460 1279 3526 immo
1353 3467 1594 3527 nostrae
1655 3460 2020 3526 Germaniae
2089 3459 2157 3525 id
2217 3480 2432 3545 operae

1248 3610 1283 3649 ³1³

236 3703 254 3745 1
296 3698 579 3749 Johannes
644 3700 999 3764 Cuspinianus
1035 3720 1108 3744 =
1143 3698 1530 3768 Choeroporeus
1566 3722 1636 3745 =
1675 3696 2068 3766 Spiesshammer
2123 3700 2243 3765 geb.
2299 3704 2432 3750 1473

118 3794 165 3829 zu
183 3768 549 3850 Schw'einfurn
579 3788 828 3839 studierte
855 3788 911 3837 in
939 3788 1092 3838 Wien
1118 3796 1271 3839 unter
1301 3790 1494 3839 Paulus
1511 3786 1840 3849 Amalthaus,
1866 3790 2130 3853 professor
2153 3788 2246 3839 der
2270 3788 2436 3837 dicht-

119 3866 264 3932 kunst,
302 3876 477 3926 erhalt
508 3879 641 3926 1493
668 3876 765 3925 den
792 3876 1177 3941 loa-beerkranz,
1217 3878 1344 3928 wird
1370 3876 1554 3927 doctor
1593 3876 1686 3927 der
1709 3876 1934 3929 medicin
1975 3876 2082 3927 und
2119 3876 2437 3927 iibernimmt

119 3961 225 4009 nach
264 3964 431 4014 Celtis
472 3963 600 4013 tode.
636 3963 720 4014 die
758 3965 1023 4030 professur
1073 3966 1164 4017 der
1201 3958 1612 4029 beredsamkcit,
1651 3964 1758 4015 und
1797 3965 1880 4015 die
1920 3964 2150 4015 aufsicht
2185 3964 2314 4017 iiber
2352 3963 2437 4013 dic

118 4040 402 4101 kaiserliche
441 4052 761 4103 bibliothek.
840 4052 952 4102 Von
994 4055 1119 4103 Max
1157 4053 1262 4104 und
1294 4053 1594 4103 Ferdinand
1633 4068 1695 4103 zu
1736 4054 1832 4103 den
1873 4053 2205 4119 wichtigsten
2247 4058 2437 4102 staats-

121 4136 396 4194 geschaften
438 4140 763 4205 gebraucht,
816 4141 1013 4192 anwalt
1057 4142 1147 4191 der
1185 4142 1327 4191 stadt
1367 4143 1546 4205 Wien,
1601 4141 1711 4191 voll
1750 4141 2021 4208 eifrigsten
2077 4140 2315 4192 strebens
2354 4141 2438 4191 fiir

122 4218 187 4269 die
220 4228 553 4291 universnm,
602 4228 764 4279 findet
801 4244 857 4279 er
892 4229 1023 4281 doch
1064 4228 1236 4293 musse,
1288 4230 1455 4281 durch
1497 4228 1732 4296 ausgabe
1767 4229 1900 4280 alter
1939 4228 2306 4279 schriftsteller
2341 4245 2436 4280 aus

121 4306 508 4366 handscbriften:
549 4316 743 4368 Lucius
764 4318 969 4381 Florus,
1008 4318 1325 4369 Prudentius
1346 4333 1396 4368 u.
1424 4334 1488 4381 a.,
1531 4318 1691 4369 durch
1721 4320 1874 4383 eigne
1899 4316 2214 4367 historische
2239 4317 2438 4368 werke:

125 4395 173 4443 de
196 4399 495 4464 Caesaribus,
532 4405 596 4455 de
635 4406 941 4455 consulibus
978 4406 1345 4468 Romanorum,
1389 4408 1602 4457 Austria
1639 4421 1688 4455 u.
1726 4422 1772 4456 a.
1809 4404 2126 4457 litteren-isch
2161 4404 2336 4472 thatig
2373 4421 2438 4457 zu

129 4484 234 4535 Seiu-
268 4489 333 4542 Er
358 4494 498 4543 starb
524 4496 583 4545 19
603 4494 747 4563 April
783 4496 931 4547 1529.
1020 4500 1047 4547 2
1098 4495 1147 4551 S.
1174 4511 1222 4549 u.
1252 4512 1291 4548 s.
1326 4499 1420 4551 171
1455 4512 1500 4549 a.
1537 4500 1579 4549 1.
1663 4498 1692 4548 3
1733 4494 1960 4569 Tuvero]
1992 4496 2163 4550 dieser
2187 4496 2317 4551 bitte
2343 4494 2435 4549 des
