2950 5042
1495 399 1628 466 292

389 592 702 662 diciorum
742 593 783 672 ¹,
829 608 973 678 quae
1018 590 1104 664 ad
1170 595 1237 658 te
1284 589 1502 670 mitto,
1563 598 1632 658 et
1689 591 1846 660 item
1903 596 2094 664 mitto
2141 594 2316 682 quod
2381 594 2506 664 hoo
2559 614 2730 660 anno

384 721 505 785 pro
550 698 955 766 scholasticis
1002 696 1475 764 elaboraverim
1519 697 1602 766 de
1663 701 2039 770 accentibus
2087 702 2412 770 hebraicis
2447 703 2492 768 ².
2549 701 2736 779 Vale,

385 804 550 871 Non.
599 804 803 890 April.
850 827 908 872 a.
963 809 1155 872 1518.

668 949 677 968 ,
1242 909 1520 976 Ioannes
1567 910 1884 988 Reucblin
1931 911 2274 980 Phorcens.
2322 913 2446 978 LL.
2484 914 2734 978 Doctor

568 1015 1011 1083 Hel-mannus·
1040 1035 1223 1082 novae
1280 1015 1518 1101 aquilae
1581 1038 1798 1084 comes
1877 1018 2241 1086 Canonicus
2317 1017 2732 1084 Coloniensis

383 1141 593 1207 nuper
640 1122 725 1188 ad
771 1143 873 1191 me
920 1120 1327 1206 capellanum
1374 1141 1562 1188 suum
1626 1123 1800 1190 misit
1846 1129 2192 1190 oratorem.
2281 1124 2346 1190 Is
2393 1129 2580 1190 certe
2629 1123 2724 1201 tui

388 1234 493 1294 est
548 1227 1031 1296 amantissimus
1078 1233 1147 1298 et
1192 1248 1361 1294 nunc
1431 1228 1516 1295 ad
1564 1229 1683 1297 hoc
1749 1251 1982 1296 novum
2032 1230 2272 1298 bellum
2345 1251 2414 1296 se
2464 1230 2734 1296 instruit

388 1353 534 1400 cum
581 1333 803 1400 multis
845 1331 1407 1400 commilitonibus.
1477 1334 1740 1402 Discent
1787 1335 2140 1421 aliquando
2187 1335 2300 1402 isti
2365 1333 2728 1420 pediculos-i

385 1439 679 1508 homines
724 1459 794 1506 se
840 1440 1019 1524 ipsos
1062 1459 1449 1522 cognoscere
1484 1446 1600 1506 aut
1629 1440 1691 1506 in
1726 1440 1955 1524 proelio
2003 1440 2256 1506 cadent.
2296 1440 2460 1506 Vale
2495 1441 2726 1508 frater.

534 1549 858 1610 Gedruckt:
878 1548 1333 1614 :VIRORVM
1352 1549 1786 1616 DOCTORVM
1824 1547 1836 1630 Ι
1877 1551 2290 1618 EPISTOLAE
2315 1545 2730 1632 SELECTAEj

386 1655 497 1716 AD
534 1661 545 1728 ι
587 1655 817 1718 B1L113.
844 1654 1565 1717 ,PIRGKHEYMERVM
1700 1701 1715 1716 .
1859 1653 1868 1733 ι
1909 1656 2153 1718 DATAE
2189 1649 2397 1738 131Ex,
2437 1652 2732 1736 rA-Uro-
2829 1723 2840 1732 ,

387 1760 728 1822 GRAPms
752 1761 971 1822 mmo
987 1761 1306 1824 Palmum
1323 1760 1600 1822 Emm'r
1639 1763 1648 1838 ι
1691 1761 2340 1830 ETILLUSTRAVIT
2379 1760 2390 1843 ι
2435 1761 2732 1824 Timon.

386 1867 596 1928 Fam.
646 1859 1578 1949 FREYTAG1U8‚lliL1PSIAE.
1634 1864 1647 1949 ι
1699 1867 2186 1934 ΜΒοοοΧΧΧῐ.
2237 1867 2297 1928 S.
2355 1873 2436 1928 14
2480 1869 2580 1930 bis
2637 1872 2728 1930 16.

387 1975 531 2048 (Ein
577 1975 718 2036 theil
764 1974 952 2036 daven
997 1974 1089 2034 bei
1135 1972 1414 2050 Bocking,
1463 1973 1704 2036 Hutteni
1750 1991 1930 2049 opera
1973 1976 2020 2050 1,
2065 1993 2113 2035 s·
2168 1971 2342 2048 169.)

1436 2229 1707 2296 CCLIV.
2645 2253 2651 2258 ·

532 2318 683 2372 culn.
2143 2329 2148 2334 ·
2255 2319 2414 2386 (Apr.
2461 2323 2664 2388 misr>

576 2409 1069 2505 Hermanan
1130 2433 1372 2482 comes
1428 2405 1522 2481 de
1575 2407 1927 2482 Nuenaar
1959 2435 2078 2482 an
2133 2408 2526 2484 Reuchlin.
2633 2500 2643 2505 ἡ
2745 2459 2750 2464 -

563 2557 657 2623 En
703 2557 824 2622 tibi
866 2557 1145 2622 amicum
1192 2562 1539 2648 utrumque
1585 2576 1845 2640 gravem
1892 2556 2001 2642 qui
2047 2563 2196 2622 tuas
2243 2557 2494 2642 parteis
2546 2517 2732 2626 tenet

382 2663 557 2750 apud
601 2662 878 2730 Leodios
937 2668 1005 2728 et
1052 2664 1273 2747 Aquas
1320 2661 1362 2728 ³.
1454 2661 1545 2726 Er
1599 2661 1769 2727 habe
1824 2683 2025 2746 gegen
2083 2661 2523 2730 Hochstraten
2551 2661 2556 2666 ’
2585 2667 2730 2732 eine

383 2768 761 2853 kleinigkeit
805 2767 1272 2854 geschriebew‘
1317 2767 1448 2833 und
1483 2767 1714 2848 werde,
1763 2769 1964 2834 durch
2001 2767 2212 2835 Busch
2258 2769 2388 2834 und
2425 2753 2756 2844 Hutten⁵³

380 2869 703 2960 gemahnt,
765 2877 1095 2959 grosseres
1161 2873 1687 2940 veriiffentlichen
1722 2873 1766 2942 ⁶.
1867 2873 1985 2939 Die
2055 2873 2285 2940 beiden
2351 2857 2726 2959 genannten

381 2981 722 3048 verehrten
785 2980 900 3046 'ibn
966 2981 1135 3059 sehr,
1205 2978 1507 3046 dasselbe
1554 2980 1764 3045 melde
1812 2979 2092 3046 Glarean
2151 3003 2271 3047 aus
2318 2981 2369 3048 F
2372 2982 2722 3050 rankreicb

382 3087 515 3154 und
562 3071 859 3156 iih'nliche
902 3085 1325 3152 nachrichten
1372 3085 1672 3151 kommen
1721 3108 1841 3151 von
1889 3085 2059 3152 allen
2107 3086 2330 3152 seiten.

560 3193 830 3272 Quiesce
863 3200 955 3272 tu,
998 3193 1253 3258 interea
1284 3191 1433 3257 dum
1469 3191 1812 3271 luctamur,
1850 3191 2099 3258 videbis
2142 3199 2214 3258 ut
2261 3199 2326 3258 te
2359 3216 2440 3259 ex
2465 3195 2722 3266 insidiis

382 3298 701 3383 eripuere.
796 3299 1043 3366 Deinde
1090 3299 1145 3364 si
1192 3298 1315 3364 tibi
1373 3297 1584 3364 ocium
1642 3304 1948 3382 suppetet
1992 3297 2078 3364 ad
2138 3320 2256 3365 nos
2324 3301 2718 3388 quandoque

378 3403 657 3471 accedas
704 3404 912 3470 velim.
1002 3404 1337 3470 Ludemus
1405 3402 1646 3493 bellam
1694 3397 2092 3484 concediam,
2141 3403 2559 3474 conficiemus
2609 3407 2720 3492 Sy-

1509 3549 1546 3588 fik

524 3644 544 3688 ι
594 3640 727 3690 Acta
754 3617 1435 3705 judiciorumerschienen
1479 3639 1629 3692 Febr.
1676 3641 1827 3700 1518,
1867 3657 1910 3690 s.
1951 3639 2082 3690 iiber
2131 3639 2404 3692 dieselben
2449 3640 2713 3693 Reuchlin

376 3742 418 3778 s.
473 3729 574 3778 290
625 3727 679 3777 ff.
824 3733 852 3778 2
894 3729 971 3779 De
1030 3730 1336 3781 accentibus
1386 3745 1431 3779 s.
1489 3728 1574 3779 die
1626 3727 1894 3794 v'vidmung
1943 3744 2008 3779 an
2059 3727 2157 3779 den
2211 3727 2449 3780 cardinal
2501 3731 2719 3792 Adi-ian,

370 3815 504 3864 oben
553 3832 663 3866 nro.
722 3815 871 3866 CCL.
1016 3821 1046 3868 3
1089 3817 1213 3868 Wer
1265 3817 1438 3868 dieser
1484 3817 1696 3868 ‘amicus
1743 3815 2011 3882 g‘cwesen‚
2049 3817 2184 3869 lasst
2227 3817 2343 3868 sich
2381 3817 2533 3869 nicht
2573 3817 2718 3870 mehr

366 3919 549 3968 sagon,
588 3905 904 3956 scliwerlich
942 3906 1034 3956 dci·
1076 3923 1173 3957 von
1214 3905 1472 3957 Reuchlin
1511 3921 1575 3954 an
1618 3905 1984 3956 Pircklieimer‘
2015 3907 2047 3955 5
2078 3907 2224 3973 April
2273 3910 2406 3957 1518
2445 3916 2715 3974 genannte

372 3993 681 4059 capellanus
722 3995 1009 4046 Hermanni
1061 4010 1212 4046 nevae
1264 3995 1456 4060 aquile
1506 3994 1741 4062 comitis,
1791 3994 1890 4046 den
1929 3994 2074 4046 hatte
2110 3995 2354 4046 Nucnaar
2393 3996 2714 4052 schwerlich

364 4097 425 4132 so
479 4081 801 4134 bezeichnen
946 4087 975 4132 4
1019 4083 1262 4136 Gemeint
1300 4083 1421 4158 sind
1449 4083 1548 4133 wol
1581 4082 1666 4134 die
1691 4099 1842 4134 verse
1872 4082 2138 4134 Nuenaars
2172 4085 2223 4134 in
2255 4082 2556 4136 doctissimi
2611 4084 2711 4134 viri

366 4170 455 4220 Jo.
492 4171 752 4222 Reuchlin
790 4170 1007 4237 ejusque
1045 4171 1399 4223 defensorium
1438 4171 1652 4222 laudem
1703 4155 2018 4238 (gedruclrtz
2070 4172 2164 4223 Ge.
2204 4173 2430 4238 Benigni
2471 4172 2712 4223 defensio

363 4257 405 4307 1?
444 4259 545 4324 ab),
692 4258 725 4308 5
764 4259 995 4309 Huttens
1032 4258 1175 4310 brief
1207 4275 1275 4309 an
1317 4259 1377 4311 N.
1417 4263 1447 4310 3
1491 4263 1616 4326 Apr.
1663 4263 1819 4320 1518,
1861 4258 1947 4310 bei
1986 4259 2246 4326 Bflcking,
2289 4260 2510 4311 Hutteni
2552 4276 2712 4328 opera

362 4346 401 4408 1,
447 4349 543 4396 164
572 4345 653 4397 bis
685 4347 803 4409 168,
844 4347 897 4396 in
938 4347 1190 4398 welchem
1228 4348 1342 4398 sich
1373 4348 1624 4414 iibrigens
1663 4348 1748 4399 die
1781 4346 2053 4416 mahnung
2090 4349 2240 4398 nicht
2273 4348 2457 4401 findet.
2501 4349 2706 4400 Buschs

360 4433 503 4485 brief
532 4449 598 4484 an
625 4433 691 4483 N.
736 4438 795 4485 12
826 4435 951 4501 Apr.
998 4436 1154 4487 1518:
1192 4436 1431 4504 epistolae
1458 4437 1617 4488 trium
1656 4437 1940 4490 illustrium
1977 4437 2210 4488 virorum
2253 4438 2298 4488 B
2335 4438 2400 4488 (Β
2435 4436 2522 4490 bis
2559 4437 2603 4488 C
2627 4437 2704 4490 41).

363 4521 395 4569 6
433 4520 561 4587 vgl.
600 4520 688 4572 die
728 4522 976 4588 folgende
1014 4539 1130 4576 nro.
