2950 5042
1553 398 1685 467 220

447 582 546 655 eis
591 581 1080 669 adherentium,
1127 587 1332 655 totius
1375 589 1628 673 negocii
1674 588 1953 658 ocularis
1999 590 2245 676 speculi
2284 590 2477 659 alium
2498 590 2751 677 judicem

447 691 724 774 dederit,
769 693 1194 762 reverendum
1241 693 1491 761 scilicet
1536 696 1907 782 episcopum
1940 696 2315 782 Spirensem
2353 700 2394 762 ¹.
2474 699 2554 763 Et
2591 697 2753 762 simul

451 800 770 865 sanctitas
817 820 953 880 sua,
1017 820 1249 867 manus
1295 822 1646 885 apponens,
1707 802 2038 887 perhibuit
2070 802 2097 843 ⁸
2160 802 2454 869 omnibus
2496 800 2755 887 personis

449 911 520 973 et
554 903 884 989 judicibus
931 905 1078 973 aliis
1123 906 1655 993 quibuscunque,
1718 908 1913 974 etiam
1960 908 2083 974 sub
2128 908 2418 974 censuris
2462 929 2541 974 ne
2585 929 2649 974 se
2689 908 2755 974 de

449 1010 696 1077 oculari
722 1010 1000 1096 Speculo
1043 1012 1577 1095 intromitterent,
1624 1014 1779 1099 quin
1824 1014 2021 1080 immo
2068 1014 2123 1079 si
2171 1014 2278 1098 qui
2323 1020 2626 1098 putarent
2664 1014 2761 1079 ali-

453 1138 584 1202 quo
627 1117 821 1184 modo
867 1139 987 1185 sua
1029 1119 1346 1186 interesse
1365 1170 1381 1200 ,
1427 1119 1555 1204 ipsi
1594 1141 1814 1186 coram
1862 1118 2221 1204 apostolico
2278 1120 2501 1205 jndice
2544 1140 2762 1203 praeno-

447 1222 696 1289 minato
741 1244 1007 1290 causam
1054 1246 1239 1292 suam
1283 1232 1557 1309 agerent
1589 1224 1632 1291 ⁸.
1697 1226 1904 1305 Quam
1951 1224 2473 1291 commissionem
2520 1225 2758 1290 Romani

444 1326 776 1395 Pontificis
841 1336 908 1396 et
969 1329 1420 1396 inhibitionem
1490 1330 1799 1416 ejusdem,
1862 1330 2236 1398 reverendis
2285 1330 2763 1416 paternitatibus

445 1434 682 1502 vestris
726 1434 832 1503 hic
879 1435 1071 1502 mitto
1119 1436 1535 1520 descriptam.
2591 1414 2603 1430 ’

623 1540 938 1627 Utrisque
985 1562 1137 1608 vero
1182 1541 1370 1608 nobis
1415 1541 1719 1626 partibus
1761 1539 2043 1608 termino
2084 1562 2125 1607 a
2147 1540 2374 1627 judice
2408 1540 2717 1626 assignato
2742 1542 2765 1580 ⁴

447 1644 534 1711 ad
582 1644 1022 1728 libellandum,
1092 1668 1170 1713 eo
1235 1645 1408 1732 quod
1469 1668 1681 1714 essem
1724 1651 1884 1713 tunc
1931 1668 2087 1713 reus
2132 1648 2527 1732 originarius
2573 1667 2765 1731 expec-

443 1751 578 1818 tavi
619 1758 698 1817 ut
743 1751 1019 1819 decebat
1038 1803 1053 1834 ,
1100 1752 1304 1819 donec
1349 1758 1505 1819 ante
1551 1752 1835 1819 viderem
1884 1754 2286 1819 accusatoris
2332 1755 2469 1819 mei
2508 1753 2764 1819 libellum

444 1858 924 1925 accusatorium
950 1908 966 1939 ,
1031 1858 1088 1924 si
1135 1878 1326 1943 quem
1369 1857 1765 1943 produceret
1810 1879 2029 1925 coram
2067 1859 2295 1943 judice
2320 1909 2335 1940 ,
2402 1880 2527 1925 seu
2580 1858 2764 1942 potius

445 1963 931 2048 reproduceret.
1020 1964 1186 2029 Nam
1229 1965 1579 2049 inquisitor
1610 1965 1791 2048 prius
1824 1970 2052 2029 contra
2085 1965 2345 2030 oculare
2380 1965 2705 2049 speculum
2732 1962 2758 2040 ⁵,

446 2069 515 2134 in
567 2068 814 2154 judicio
878 2069 1257 2155 Maguntino
1309 2070 1335 2110 ⁶
1400 2070 1628 2155 primae
1694 2070 2023 2136 instantiae
2093 2068 2394 2163 libellum
2476 2069 2761 2155 quendam

443 2175 921 2242 accusatorium
955 2174 978 2215 ⁷
1046 2196 1150 2241 me
1217 2175 1303 2241 ad
1367 2174 1491 2241 hoc
1557 2174 1842 2260 legitime
1914 2196 2042 2240 non
2090 2175 2291 2241 citato
2336 2178 2767 2261 proposuerat.

445 2280 736 2366 Cumque
780 2280 1126 2348 adversum
1169 2302 1274 2347 me
1319 2302 1473 2367 pars
1522 2280 1799 2347 adversa
1843 2280 2139 2347 libellare
2187 2280 2557 2366 negligeret
2602 2287 2772 2366 atque

441 2387 636 2472 plane
681 2385 916 2468 nollet,
977 2408 1094 2472 ego
1156 2389 1297 2472 ipse
1344 2388 1586 2453 virtute
1635 2387 1965 2453 citationis
2012 2393 2243 2453 contra
2290 2386 2528 2455 ambas
2575 2394 2771 2474 partes

446 2492 630 2578 prius
677 2498 994 2560 emanatae
1053 2495 1222 2578 coepi
1267 2493 1563 2559 libellum
1608 2514 1824 2561 meum
1870 2514 1989 2579 per
2035 2498 2535 2578 procuratorem
2582 2514 2775 2560 coram

433 2597 656 2687 judice
699 2600 1000 2684 prodere.
1093 2600 1284 2666 Mitto
1331 2606 1556 2666 autem
1618 2598 2128 2685 paternitatibus
2174 2598 2411 2665 vestris
2463 2599 2775 2676 articulos,

441 2726 640 2790 super
683 2704 921 2791 quibus
965 2704 1139 2771 idem
1184 2705 1444 2772 libellus
1492 2722 1675 2773 mens
1720 2726 1839 2791 per
1885 2711 2383 2791 procuratorem
2437 2706 2778 2771 secundum

445 2810 686 2899 stylum
731 2811 942 2879 Curiae
1013 2814 1410 2896 compositus
1480 2817 1547 2878 et
1607 2818 1877 2879 ornatus
1926 2817 2108 2877 extat-
2142 2810 2187 2876 ⁸.
2279 2810 2455 2875 Nam
2503 2810 2779 2877 libellum

441 2918 652 3002 ipsum
717 2917 1080 2984 formaliter
1142 2919 1426 3003 positum
1494 2920 1562 2985 in
1625 2918 1795 2984 actis
1863 2918 2180 2983 insertum
2238 2916 2459 2983 adhuc
2503 2918 2683 3003 apud
2722 2938 2781 2981 se

438 3022 734 3090 notarius
793 3007 1032 3119 ‘canem-
1059 3023 1278 3105 habet,
1339 3046 1536 3109 quem
1584 3024 1866 3091 libenter
1924 3025 2063 3109 jam
2116 3022 2439 3089 misissem
2492 3023 2716 3110 utique
2742 3022 2781 3101 ⁹,

443 3128 500 3193 si
545 3148 664 3215 per
712 3127 836 3195 hoc
872 3129 927 3169 ¹⁰
971 3134 1230 3215 tempus
1273 3132 1649 3216 potuissem.

628 3232 917 3302 Servatis
961 3235 1184 3321 itaque
1231 3236 1533 3303 omnibus
1578 3236 1871 3302 terminis
1918 3236 1986 3301 in
2032 3242 2181 3303 rota
2226 3237 2539 3303 Romanae
2588 3236 2783 3303 Curiae

445 3340 693 3409 servari
759 3340 992 3422 solitis,
1060 3341 1730 3427 praedicatoribusque
1793 3363 1913 3427 pro
1982 3343 2215 3428 majori
2283 3348 2476 3426 parte
2541 3361 2783 3425 semper

439 3446 896 3515 assistentibus
926 3447 1194 3513 tandem
1225 3454 1529 3514 emanata
1562 3448 1872 3514 citatione
1906 3446 1991 3513 ad
2021 3447 2421 3514 audiendum
2446 3450 2504 3487 1¹
2538 3455 2785 3531 senten-

443 3553 604 3619 tiam
667 3574 786 3638 ego
833 3553 914 3619 de
961 3553 1176 3639 gratia
1223 3552 1328 3620 dei
1375 3559 1442 3619 et
1492 3554 1763 3639 justicia
1830 3553 2273 3638 triumphante
2334 3552 2595 3620 obtinui
2642 3553 2783 3618 diffi-

442 3658 729 3743 nitivam,
773 3666 850 3726 ut
891 3660 960 3727 in
1007 3659 1132 3726 hac
1176 3660 1519 3727 sententiae
1566 3660 1795 3726 charta
1842 3659 2093 3741 videtis,
2146 3680 2350 3744 ,quam
2398 3661 2607 3727 etiam
2651 3681 2784 3745 por-

442 3764 583 3851 rigo
621 3765 693 3833 12.
786 3766 1037 3833 Deinde
1084 3788 1230 3833 cum
1277 3766 1507 3833 eadem
1572 3766 1895 3833 sententia
1941 3765 2353 3833 transivisset
2395 3766 2463 3831 in
2514 3788 2659 3833 rem
2694 3766 2783 3851 ju-

1568 3910 1608 3946 ss·

588 3998 611 4045 1
652 3992 764 4047 Das
813 3993 1044 4062 gescbah
1095 3994 1261 4047 durch
1313 3994 1635 4064 papstliches
1683 3994 1840 4046 breve
1888 4010 2012 4046 vom
2049 3999 2111 4045 21
2154 3995 2288 4046 Nov.
2332 3997 2487 4045 1513.
2641 3997 2669 4043 2
2708 3993 2785 4042 ln-

437 4082 614 4135 hibuit
661 4086 712 4135 2.
773 4087 822 4135 3.
970 4088 1000 4136 3
1035 4083 1409 4143 ,Vermuthlich
1468 4082 1552 4135 die
1615 4083 1855 4134 urkunde
1915 4082 2037 4134 des·
2070 4083 2305 4149 Speierer
2363 4081 2608 4133 bischofs
2669 4096 2781 4129 vom

440 4172 647 4222 20Dec.
679 4173 834 4223 1613.
919 4176 954 4221 4
993 4176 1058 4225 26
1096 4170 1218 4223 Jan.
1264 4175 1426 4235 15143
1465 4173 1575 4239 vgl.
1602 4172 1861 4223 Reuchlin
1898 4186 1939 4221 s.
1970 4172 2092 4223 299.
2168 4174 2200 4221 5
2236 4172 2412 4221 Meum
2436 4169 2783 4237 hinzugefiigt

439 4264 486 4309 2.
528 4262 577 4309 3.
723 4263 754 4311 6
791 4256 1121 4327 Moguntino'
1152 4264 1200 4312 2.
1240 4264 1289 4313 3.
1439 4264 1465 4309 7
1507 4259 1849 4327 Abgedruckt
1884 4258 1943 4309 in
1980 4258 2080 4309 den
2132 4266 2249 4310 acta
2297 4258 2627 4323 judiciorum
2672 4258 2717 4307 A
2754 4259 2779 4303 2

436 4346 520 4398 bis
557 4346 616 4397 B.
690 4329 695 4335 ’
763 4350 794 4397 s
833 4346 1255 4414 v31.Reu0h11n‚
1297 4364 1338 4400 s.
1367 4351 1470 4400 300
1508 4350 1581 4415 fg.
1620 4362 1627 4367 ·
1728 4350 1758 4398 9
1794 4347 1990 4413 Utique
2026 4347 2224 4413 ausgel.
2262 4352 2311 4398 «ι.
2360 4350 2407 4397 3.
2568 4349 2633 4396 ιο
2672 4345 2781 4395 noo

437 4433 773 4497 aur-gelassen
813 4438 860 4485 2.
901 4438 950 4487 3.
1100 4440 1160 4489 11
1202 4436 1533 4489 Audiendam
1576 4440 1623 4487 2.
1666 4440 1715 4488 3.
1866 4440 1926 4485 12
1968 4434 2090 4505 vgl.
2128 4434 2263 4487 oben
2312 4436 2377 4487 29
2414 4434 2566 4485 Mara
2625 4434 2774 4495 1514,

439 4536 554 4572 nro.
595 4519 876 4576 CLXXXI.
