2950 5042
1553 414 1637 480 27
1644 414 1688 480 4

443 602 831 672 testimonia.
881 603 1216 670 Dederunt
1235 610 1300 670 et
1320 611 1470 689 post
1496 605 1834 691 episcopos
1865 603 2293 672 illustrissimi
2310 606 2743 691 provinciarum

446 710 755 795 praesides
803 717 1001 796 atque
1033 709 1231 775 duces
1278 710 1681 778 nobilissimo
1732 712 2042 796 sanguine
2090 714 2419 797 prognati,
2466 714 2744 781 electores

441 818 698 901 imperii
743 816 1106 882 Fridericus
1156 816 1450 882 Saxoniae
1512 825 1579 883 et
1624 816 1987 884 Ludovicus
2034 818 2328 884 Bavariae
2371 820 2653 885 Interrex
2694 825 2749 883 et

449 923 580 989 dux
604 923 1192 1007 Virtembergensis
1241 930 1306 988 et
1351 922 1641 989 Marchio
1676 922 1991 990 Badensis
2016 926 2319 1009 princeps
2364 931 2432 990 et
2474 924 2753 991 strenuis-

451 1030 650 1095 simus
711 1029 1024 1113 magister
1091 1028 1335 1094 ordinis
1401 1028 1934 1111 Teutonicorum,
2006 1037 2075 1097 et
2132 1053 2166 1097 e
2228 1031 2487 1116 regione
2550 1030 2752 1097 horum

446 1134 791 1201 reverendi
853 1155 930 1200 ac
995 1136 1132 1200 Deo
1199 1134 1515 1201 amabiles
1588 1136 1951 1202 Germaniae
2012 1135 2377 1221 pontifices,
2447 1137 2757 1222 episcopus

445 1240 944 1320 Vormaciensis‚
977 1242 1318 1325 episcopus
1353 1242 1859 1326 Argentinensis,
1894 1243 2235 1327 episcopus
2268 1243 2756 1310 Constantiensis

441 1348 555 1433 qui
600 1368 702 1413 me
749 1368 931 1413 ovem
979 1368 1164 1413 suam
1209 1351 1436 1430 pastor
1482 1349 1777 1432 agnoscit
1824 1355 1889 1414 et
1936 1349 2279 1434 episcopus
2312 1348 2629 1434 Spirensis
2664 1347 2757 1413 ine

443 1474 485 1519 a
515 1459 633 1519 tua
663 1452 1026 1519 Sanctitate
1059 1452 1209 1519 huie
1242 1452 1341 1517 liti
1377 1453 1571 1519 datus
1595 1454 1817 1539 judex,
1850 1454 1961 1539 qui
1994 1455 2349 1521 autoritate
2382 1462 2499 1521 tua
2528 1455 2758 1519 functus

443 1558 525 1623 de
573 1558 840 1625 consilio
872 1558 1233 1643 peritorum
1277 1582 1397 1643 pro
1444 1582 1590 1626 mea
1636 1567 1703 1626 et
1734 1560 2121 1645 scriptorum
2153 1582 2447 1627 meorum
2488 1561 2763 1627 innocen-

449 1666 546 1731 tia
591 1663 998 1731 diffinitivam
1045 1664 1196 1731 tulit
1258 1668 1665 1732 sententiam.
1769 1665 1933 1732 Cum
1973 1666 2105 1734 illis
2154 1665 2481 1734 dederunt
2540 1667 2761 1751 pariter

449 1772 923 1857 quinquaginta
967 1772 1096 1836 tria
1144 1770 1395 1839 Sueviae
1442 1773 1733 1857 oppida1
1786 1795 2007 1840 omnes
2064 1772 2518 1842 officiosissimi
2574 1772 2763 1837 fortis-

448 1878 594 1944 simi
642 1884 710 1943 et
753 1878 1152 1963 integerrimi
1215 1878 1337 1943 viri
1411 1878 1983 1945 commendaticias
2049 1879 2361 1963 epistolas
2432 1890 2502 1947 et
2561 1879 2767 1945 literas

444 1990 640 2049 rectae
684 1982 834 2050 fidei
878 1982 1360 2069 probitatisque
1409 2004 1569 2051 meae
1614 1985 2191 2070 indemnitatisque
2239 1993 2463 2053 testes.
2524 1986 2766 2053 Addunt

441 2090 702 2156 illorum
725 2086 1168 2156 testificationi
1201 2088 1403 2156 robur
1417 2096 1483 2155 et
1504 2090 1759 2175 pondus
1789 2092 2021 2176 insigni
2042 2092 2339 2158 doctrina
2370 2098 2441 2159 et
2470 2093 2765 2178 gravitate

441 2196 694 2281 praelati
717 2198 1004 2265 ecclesiae
1037 2216 1199 2284 quos
1226 2198 1778 2265 reverendissimis
1810 2218 2023 2264 causae
2036 2197 2366 2283 judicibus
2388 2198 2691 2265 Grimano
2713 2202 2767 2261 et

441 2304 843 2370 Anconitano
868 2303 1344 2385 cardinalibus,
1370 2304 1747 2371 orthodoxae
1768 2304 1921 2371 fidei
1948 2304 2263 2371 columnis
2285 2310 2601 2391 tanquam
2624 2302 2768 2389 peri-

441 2410 637 2495 stylia
650 2410 922 2494 junxisti
949 2412 1309 2477 senatorios
1344 2432 1735 2493 assessores,
1770 2411 1993 2477 mundi
2028 2411 2273 2478 lumina
2298 2408 2769 2498 archiepiscopi,

443 2516 730 2601 episcopi
760 2517 1056 2599 ordinum
1090 2516 1444 2601 generaleS‚
1479 2523 1787 2583 eteorum
1814 2524 2269 2603 procuratores
2295 2518 2636 2602 sapientiae
2666 2517 2769 2581 Ro-

443 2642 649 2688 manae
669 2623 1110 2708 magistratus,
1143 2624 1611 2708 poenitentiarii
1645 2630 1711 2689 et
1742 2624 1851 2689 alii
1874 2624 2213 2709 theologias
2232 2630 2436 2710 atque
2463 2624 2633 2710 juris
2660 2621 2766 2687 lec-

437 2726 674 2793 tissimi
720 2729 1018 2795 doctores
1057 2750 1176 2815 pro
1218 2732 1350 2796 suis
1396 2730 1792 2814 singulorum
1827 2729 2271 2815 dignitatibus,
2306 2730 2373 2797 in
2406 2729 2679 2797 historia
2705 2727 2769 2791 de

442 2833 845 2920 temporibus
901 2836 1062 2901 meis
1119 2834 1519 2917 nominandi,
1588 2836 1700 2922 qui
1774 2844 1872 2903 tot
1930 2835 2323 2903 sessionibus
2386 2836 2668 2922 publicis
2720 2833 2771 2899 in

441 2945 572 3005 tuae
619 2940 987 3024 Majestatis
1036 2942 1390 3009 domestico
1440 2942 1727 3008 sacrario
1776 2944 1983 3028 quam
2018 2942 2333 3027 capellam
2382 2940 2767 3009 Pontificiam

439 3051 676 3110 vocant
705 3045 966 3129 habitis,
997 3068 1253 3133 semper
1272 3057 1505 3133 agente
1543 3071 1681 3114 rem
1714 3070 1923 3115 meam
1955 3055 2029 3115 ut
2062 3049 2275 3115 omnia
2300 3048 2477 3116 solet
2513 3048 2773 3115 fideliter

445 3156 706 3218 oratore
755 3153 924 3237 juris
983 3155 1376 3239 peritissimo
1433 3156 1685 3222 ‚Ioanne
1735 3154 2179 3235 Vanderbi00‚
2247 3161 2385 3221 tam
2466 3153 2770 3241 equestris

441 3258 688 3324 ordinis
733 3260 937 3325 nobili
985 3262 1120 3326 viro
1170 3282 1363 3346 quam
1423 3262 1489 3327 in
1547 3282 1895 3327 causarum
1941 3260 2321 3346 patrociniis
2370 3262 2768 3347 disputatore

440 3366 757 3430 acerrimo
805 3372 872 3431 et
894 3367 1116 3431 eodem
1149 3374 1575 3452 procuratore
1606 3387 1777 3448 me03
1826 3367 2085 3433 tandem
2134 3367 2201 3433 in
2230 3366 2470 3433 ultima
2502 3368 2769 3435 sessione

441 3491 641 3536 causa
687 3470 876 3555 plene
925 3472 1183 3556 cognita
1227 3494 1346 3557 per
1393 3475 1751 3539 sententias
1782 3473 2043 3560 scriptis
2092 3473 2303 3540 editas
2350 3473 2773 3541 decreverunt

439 3598 544 3641 me
590 3577 676 3644 ab
721 3577 844 3645 hac
905 3580 1360 3664 persecutione
1407 3580 1733 3646 incuriosa
1779 3579 2191 3646 liberandum
2238 3602 2382 3647 esse
2442 3602 2526 3647 ac
2575 3576 2772 3646 absol·

445 3682 723 3751 vendum
743 3684 786 3749 2.
831 3684 968 3753 Nec
1001 3685 1118 3751 ulli
1149 3686 1413 3753 dubium
1447 3687 1602 3772 quin
1642 3686 1975 3753 diffinitiva
2005 3706 2263 3772 quoque
2308 3688 2492 3773 paris
2543 3680 2772 3752 oraculi

450 3791 774 3856 sententia
857 3792 1545 3859 reverendissimorum
1607 3792 1899 3877 judicum
1975 3799 2050 3861 ut
2120 3792 2441 3859 debuerat
2504 3796 2769 3877 sequuta

441 3893 692 3976 fuisset,
713 3897 838 3962 nisi
869 3904 1023 3963 tunc
1057 3898 1435 3965 mandatum
1467 3897 1549 3964 de
1582 3897 2087 3984 supersedendo·
2112 3897 2231 3964 abs
2263 3905 2329 3963 te
2359 3904 2437 3965 ut
2468 3896 2763 3964 dicebant

439 4008 874 4085 accusatores,
906 4005 1382 4088 impetrassent.
1445 4006 1687 4070 Eorum
1720 4004 2004 4070 omnium
2051 4025 2213 4089 quos
2248 4004 2386 4091 jam
2434 4004 2772 4071 citavimus

441 4108 874 4195 undequaque
905 4112 1277 4177 testimonia
1325 4118 1390 4176 et
1421 4116 1573 4177 vota
1627 4111 1685 4177 si
1727 4107 2178 4177 recordaberis
2226 4116 2293 4175 et
2332 4117 2487 4177 acta
2510 4107 2770 4195 judicio-

446 4236 618 4297 rum,
685 4215 740 4281 si
798 4236 1019 4284 coram
1082 4224 1148 4285 te
1195 4217 1322 4302 legi
1371 4218 1663 4299 curabis,
1729 4216 1921 4301 plane
1976 4216 2261 4283 invenies
2305 4237 2409 4282 me
2473 4216 2564 4283 ab
2610 4211 2769 4282 omni

1596 4365 1629 4404 ak

593 4454 617 4497 1
658 4435 803 4501 i'Jber
839 4452 982 4503 diese
1021 4456 1182 4507 briefe
1219 4457 1327 4523 vgl.
1367 4457 1450 4507 die
1489 4459 1631 4507 notiz
1676 4456 1811 4509 oben
1862 4472 1928 4507 zu
1964 4443 2086 4506 nro.
2126 4454 2314 4523 cmx,
2364 4471 2403 4508 s.
2457 4460 2593 4523 241,
2630 4474 2676 4509 a.
2730 4459 2770 4505 1.

481 4535 581 4584 Die
620 4538 977 4609 abstimtnnng
1018 4560 1134 4594 vom
1177 4550 1206 4595 2
1244 4545 1360 4599 Juli
1407 4548 1538 4605 1516
1582 4546 1869 4617 Rcuchlin3
1908 4561 1949 4597 s.
2001 4544 2121 4596 319.
