2950 5042
1515 389 1670 454 .348

442 581 667 668 possit,
712 581 992 667 garrulis
1051 579 1568 646 cavillationibus
1627 578 1888 656 delusit,
1951 575 2317 645 mercedem
2362 577 2629 664 negavit,
2669 576 2751 642 ni-

402 721 417 728 ·
442 687 535 754 hil
582 687 823 754 debere
880 687 1191 772 magistro
1252 687 1637 772 propalavit.
1733 686 1866 770 Ego
1933 705 2086 751 vero
2151 706 2298 752 cnm
2359 691 2428 750 et
2477 684 2646 769 apud
2695 689 2753 750 te

440 793 921 880 philosophiam
970 799 1038 858 et
1081 792 1359 858 honores
1404 792 1683 877 adeptus
1743 793 1884 872 sim,
1931 811 2054 856 non
2105 790 2290 856 valeo
2339 811 2570 874 negare
2614 789 2754 854 nihil

440 919 547 966 me
590 899 715 965 tibi
747 899 1004 978 debere,
1052 900 1151 964 vir
1192 899 1486 983 apprime
1519 897 1816 978 celebris,
1862 897 1974 962 sed
2023 897 2239 980 potius
2272 918 2398 980 quo
2445 916 2632 980 pares
2673 915 2759 960 re-

442 1005 649 1072 feram
696 1006 941 1088 gratias
986 1003 1144 1070 nihil
1176 1003 1435 1070 habere.
1483 1003 1618 1070 Nec
1665 1003 1732 1069 id
1779 1001 1952 1086 apud
1985 1010 2050 1068 te
2101 999 2395 1067 confiteri
2439 1000 2627 1084 plane
2669 1022 2760 1064 ve-

442 1133 597 1177 reor
640 1131 718 1178 ac
763 1110 1075 1176 erubesco
1124 1130 1268 1175 cum
1332 1116 1399 1174 et
1458 1108 1876 1175 Aristotelem
1933 1105 2379 1192 hujuscemodi
2429 1111 2761 1191 praecepto-

444 1217 627 1283 ribus
658 1217 791 1282 suis
824 1215 1185 1281 confessum
1232 1213 1589 1298 intelligam
1637 1220 2036 1298 caeterosque
2069 1212 2488 1297 philosophos
2519 1234 2643 1278 non
2683 1213 2764 1276 in-

444 1322 689 1389 doctos.
781 1321 1057 1387 Tantam
1112 1322 1279 1386 enim
1329 1319 1845 1386 benevolentiam
1865 1370 1880 1398 ,
1945 1325 2130 1384 tanta
2195 1340 2320 1384 non
2369 1319 2587 1384 dicam
2646 1316 2762 1384 offi-

444 1427 557 1505 tia,
604 1427 719 1492 sed
768 1434 836 1492 et
885 1425 1183 1492 benefitia
1227 1428 1291 1491 in
1338 1448 1441 1491 me
1487 1425 1838 1506 contulisti,
1883 1423 2075 1490 simul
2121 1431 2190 1490 et
2219 1445 2492 1490 accessu
2537 1431 2765 1508 tempo-

444 1534 535 1598 ris
582 1532 901 1614 conferes,
948 1553 987 1598 o
1056 1531 1506 1598 colendissime
1565 1533 1892 1615 magister,
1950 1536 2024 1596 nt-
2089 1529 2350 1596 beatum
2400 1551 2506 1594 me
2554 1529 2764 1595 saltem

444 1637 902 1723 reputaverim,
965 1639 1019 1704 si
1066 1658 1191 1702 non
1256 1637 1544 1721 paribus,
1605 1637 1722 1703 sed
1767 1635 2135 1721 imparibus
2193 1635 2450 1701 meritis
2497 1656 2622 1701 non
2665 1635 2765 1716 (in-

444 1741 669 1831 quam)
716 1743 1011 1828 redigere
1044 1764 1255 1828 neque
1302 1742 1551 1810 referre
1599 1742 1713 1809 sed
1759 1743 1861 1809 vel
1910 1741 2209 1809 rehibere
2257 1741 2495 1808 saltem
2541 1739 2764 1825 aliquid

444 1850 833 1916 aestimarem
865 1850 1105 1934 gratiae.
1188 1848 1377 1928 Quod
1422 1849 1734 1934 placitum
1783 1848 2135 1934 aliquando
2182 1847 2322 1914 fore
2369 1845 2763 1924 censuissem,

442 1955 641 2039 igitur
688 1977 833 2023 cum
880 1955 1051 2021 viros
1098 1976 1327 2038 graves
1372 1955 1690 2022 hactenus
1722 1976 1980 2039 semper
2025 1960 2277 2020 amatos
2323 1975 2364 2018 a
2415 1959 2484 2019 te
2533 1951 2758 2018 videam

446 2066 515 2126 et
557 2059 873 2145 imprimis
906 2059 1259 2140 Socratem,
1306 2061 1385 2127 de
1434 2082 1562 2146 quo
1609 2060 1989 2145 saepiuscule
2037 2059 2237 2125 verba
2282 2059 2510 2126 facere·
2557 2058 2761 2126 solitus

446 2187 517 2231 es
566 2167 739 2232 inter
768 2166 1118 2250 discipulos
1150 2173 1297 2232 tuos
1330 2165 1780 2233 adolescentes
1810 2166 2139 2250 ingenuoS,
2183 2165 2542 2232 admodum
2573 2164 2761 2229 animo

446 2271 686 2336 tacitus
734 2292 982 2336 mecum
1029 2273 1169 2355 ipso
1218 2271 1590 2351 volvebam,
1638 2271 1813 2338 haud
1877 2272 2200 2355 ingratum
2261 2270 2382 2336 tibi
2456 2271 2596 2337 fore
2649 2293 2760 2336 mu·
2838 2348 2844 2355 ‚

446 2376 785 2442 nusculum
846 2378 1108 2442 tametsi
1174 2379 1384 2442 minus
1454 2378 1750 2458 minimo,
1816 2377 1931 2444 sed
1980 2383 2196 2442 tamen
2245 2377 2569 2462 ejusmodi
2615 2374 2764 2462 quod

446 2505 528 2548 ex
584 2480 960 2568 praecordiis
1021 2484 1259 2548 amoris
1317 2504 1473 2568 erga
1535 2491 1600 2548 te
1657 2484 1782 2549 mei
1845 2483 2098 2548 videam
2143 2483 2580 2567 processisse;
2640 2504 2762 2558 non,

445 2589 729 2674 inquam,
785 2588 1108 2672 ingratam
1170 2588 1294 2654 tibi
1357 2611 1496 2656 rem
1557 2589 1694 2655 fore
1756 2610 1896 2655 sum
1961 2589 2339 2669 arbitratus,
2403 2590 2463 2654 si
2510 2611 2668 2674 quas
2708 2588 2762 2652 in

444 2692 692 2759 aedibus
738 2694 868 2758 tuis
915 2692 1164 2779 pridem
1199 2693 1421 2760 literas
1454 2715 1695 2778 graecas
1744 2695 1992 2760 discere
2039 2696 2224 2780 coepi,
2273 2715 2386 2760 eas
2421 2695 2546 2762 hoc
2592 2701 2764 2780 pacto

447 2805 577 2864 tuae
623 2797 1061 2866 beneficentiae
1109 2801 1542 2881 ostenderem,
1605 2808 1678 2867 ut
1736 2802 2096 2867 orationem
2158 2822 2350 2885 quam
2399 2800 2766 2886 Xenophon-

446 2905 531 2970 tis
576 2905 921 2989 perhibent
990 2927 1109 2990 pro
1159 2905 1425 2971 Socrate
1474 2907 1647 2992 apud
1718 2905 1971 2991 judices
2029 2907 2096 2971 in
2158 2928 2287 2991 qua
2333 2929 2542 2993 prope
2589 2905 2766 2973 studi-

447 3032 629 3077 orum
692 3032 979 3077 meorum
1027 3012 1215 3077 initia
1262 3013 1506 3096 sumpsi
1555 3033 1696 3077 eam
1736 3013 1756 3050 ¹
1821 3033 1898 3076 ex
1945 3033 2153 3096 graeca
2199 3011 2322 3076 tibi
2369 3012 2639 3078 latinam
2683 3017 2768 3076 ut-

1577 3159 1610 3196 tie

594 3267 615 3312 1
659 3279 769 3314 eam
804 3264 1041 3316 zweimal
1077 3265 1148 3315 im
1184 3281 1335 3316 mser.
1388 3265 1543 3316 Diese
1579 3265 1930 3330 ubersetzung
1967 3265 2030 3328 (s.
2067 3270 2162 3330 u.),
2202 3266 2299 3318 wie
2335 3283 2432 3316 aus
2473 3265 2573 3318 den
2609 3263 2766 3315 woiter

446 3350 727 3418 folgenden
778 3359 976 3403 worten
1027 3352 1365 3420 hervorgeht,
1418 3354 1703 3404 Reuchlins
1749 3358 1914 3404 erster
1959 3353 2505 3420 schriftstellerischer
2549 3350 2763 3410 versuch‚

446 3438 518 3489 ist
562 3439 715 3490 nicht
759 3439 1010 3490 erhalten.
1086 3441 1231 3490 Nach
1280 3441 1473 3492 diesem
1523 3440 1960 3507 widmungsbrief
1999 3439 2180 3491 stehen
2227 3442 2286 3491 in
2333 3441 2425 3492 der
2461 3438 2765 3492 handschrift

446 3543 584 3578 zwar
620 3527 705 3578 die
741 3533 925 3579 worte:
968 3528 1046 3578 Ad
1084 3528 1475 3580 celeberrimum
1515 3528 1688 3578 virum
1725 3527 1985 3578 «Iacobum
2027 3529 2272 3595 Hugonis
2307 3529 2371 3579 de
2409 3529 2766 3580 Morsmiinster

444 3614 718 3667 Johannes
760 3617 1013 3666 Reuchlin
1050 3616 1359 3683 phorcensis
1397 3616 1686 3679 transtulit,
1727 3616 1850 3668 aber
1891 3617 1974 3666 die
2013 3617 2112 3666 anf
2141 3615 2242 3666 den
2279 3616 2536 3667 nachsten
2568 3619 2626 3666 10
2651 3613 2764 3662 blat-

446 3709 562 3753 tern
610 3703 701 3755 der
756 3703 1091 3756 handschrift
1134 3704 1516 3771 mitgetheilten
1563 3705 1749 3756 stiicke
1794 3705 2064 3756 enthalten
2120 3705 2293 3754 niehts
2343 3701 2764 3756 Renchlinisches.

451 3791 711 3842 Vielmehr
755 3792 962 3842 werden
1011 3792 1273 3844 dieselben
1326 3793 1590 3859 angefiillt
1637 3793 1802 3844 durch
1853 3794 1938 3844 ein
1989 3792 2264 3844 schreiben
2313 3809 2407 3842 zur
2453 3791 2765 3858 empfehlung

446 3877 537 3930 der
586 3879 904 3944 grammatik
954 3880 1041 3930 des
1092 3881 1348 3932 Nikolaus
1400 3882 1670 3943 Perottus,
1734 3881 2106 3932 verschiedene
2155 3881 2343 3942 bride,
2405 3897 2502 3930 aus
2555 3875 2762 3933 viterbo,

448 3969 483 4014 4
520 3966 625 4016 kal.
664 3983 790 4018 nov,
841 3970 1003 4031 14693
1054 3968 1142 4020 des
1178 3968 1302 4020 Joh.
1346 3969 1462 4018 Gal,
1503 3969 1684 4019 Sforza
1734 3985 1784 4018 u.
1823 3986 1872 4020 a.
1943 3968 2093 4019 Doeh
2143 3969 2384 4018 erfahren
2431 3969 2526 4019 wir
2563 3981 2660 4016 von
2687 3962 2764 4012 der

446 4053 890 4106 Reuchlinischen
916 4055 1266 4122 ubersetzung
1302 4055 1468 4108 durch
1513 4056 1690 4110 diesen
1727 4057 1867 4108 brief
1897 4056 2046 4108 nieht
2081 4073 2200 4106 zum
2239 4062 2412 4108 ersten
2450 4055 2570 4106 mal.
2643 4048 2762 4100 viel·

446 4140 591 4191 mehr
627 4158 735 4192 war
770 4144 856 4193 ein
896 4142 1036 4193 brief
1066 4143 1155 4194 des
1188 4143 1395 4194 Com-ad
1418 4144 1736 4196 Leontorius
1773 4161 1842 4194 an
1877 4144 2054 4194 Jakob
2081 4143 2442 4210 Wimpheling
2477 4142 2638 4208 (1494
2667 4135 2760 4202 vgl.

447 4243 517 4278 m.
554 4229 813 4280 Reuchlin
852 4246 893 4280 s.
932 4231 1001 4280 94
1038 4246 1085 4281 a.
1127 4234 1181 4294 4)
1220 4231 1476 4295 bekannt,
1531 4233 1584 4284 in
1624 4232 1875 4284 walchem
1909 4235 2082 4299 jener,
2131 4233 2320 4284 behufs
2357 4232 2498 4283 einer
2534 4228 2760 4280 vonstan·

446 4314 605 4379 digen
650 4317 976 4382 anfzahlung
1021 4319 1075 4370 in
1114 4319 1400 4370 Tritheims
1444 4321 1959 4386 gelehrtenlexikon,
2014 4321 2300 4372 Reuchlins
2350 4319 2623 4378 schriften,
2669 4309 2760 4362 und

448 4407 603 4538 unhtz·
648 4402 927 4456 denselben
974 4407 1110 4463 anch
1155 4423 1343 4465 unsere
1388 4408 1740 4480 ubersetzung
1789 4410 2041 4464 erwahnt.
2116 4409 2204 4464 Sie
2239 4408 2446 4463 scheint
2477 4406 2602 4462 aher
2633 4398 2758 4454 nicht

456 4503 510 4537 er
599 4493 687 4538 ten
724 4505 789 4540 zu
826 4491 955 4550 sein.
