2950 5042
1365 419 1500 489 235

232 610 353 689 tus,
408 606 544 677 tuis
599 606 940 695 perpetuis
994 609 1228 697 vigiliis
1270 617 1336 679 et
1381 609 1971 694 lucubrationibus,
2016 610 2383 681 hominibus
2428 632 2569 699 ger·-

232 712 434 781 manis
487 712 726 781 tribuit
797 719 868 781 et
922 715 1141 800 palam
1209 715 1384 785 fecit.
1477 716 1669 799 Quod
1728 717 1783 785 si
1846 715 2021 785 idem
2074 717 2251 785 zelus
2307 716 2377 784 in
2438 717 2571 787 tuis

237 818 482 887 aemulis
529 825 722 899 esset,
767 820 882 906 qui
925 820 993 886 in
1038 821 1186 891 divo
1219 822 1558 891 Vincentio
1594 822 1839 891 Hibero
1864 824 1909 905 ¹,
1954 820 2249 891 ordinem
2294 821 2574 891 fratrum

234 923 730 1010 praedicatorum
787 947 939 993 vere
985 926 1300 1013 professo,
1355 929 1501 1009 fnit,
1570 928 1684 1015 qni
1732 927 2117 995 Vincentius
2184 949 2311 994 non
2356 928 2423 995 in
2468 927 2573 997 tui

236 1028 494 1111 similes,
531 1035 760 1097 contra
789 1031 1178 1100 charitatem
1207 1033 1617 1121 inquirendo,
1650 1033 1769 1101 sed
1798 1033 2057 1119 plebem
2090 1032 2335 1102 Christi
2364 1034 2573 1105 nostri

229 1134 422 1201 fidem
452 1135 762 1218 docende,
807 1136 892 1205 ab
923 1137 1222 1205 omnibus
1269 1140 1409 1225 ejus
1443 1160 1773 1207 semones
1803 1138 2223 1207 audientibus
2250 1138 2571 1225 intellige·

233 1241 428 1309 batur
471 1242 766 1329 profecto
809 1244 982 1310 inter
1027 1250 1096 1311 te
1142 1250 1210 1311 et
1253 1244 1575 1312 Jacobum
1620 1252 1807 1313 tunm
1850 1266 1971 1331 pro
2000 1243 2297 1331 improbo
2330 1250 2574 1311 conatu

233 1372 346 1417 suo
379 1348 935 1436 supplantatorem
981 1356 1048 1417 et
1093 1350 1232 1436 ejus
1276 1350 1639 1437 complices,
1686 1372 1851 1438 quos
1908 1356 1982 1417 tu
2041 1350 2398 1438 quasarios,
2444 1371 2563 1417 nos

235 1477 384 1522 vero
431 1454 971 1541 quasidicatarios
1015 1456 1446 1541 appellamus,
1510 1456 1805 1525 simultas
1852 1463 2027 1525 esset
2070 1458 2329 1524 omnino
2374 1455 2573 1525 nulla

413 1560 766 1646 Superesse
841 1567 1164 1645 putamus,
1228 1567 1304 1628 nt
1376 1564 1589 1648 posito
1650 1570 1858 1644 metu,
1918 1562 2091 1629 sicut
2151 1582 2372 1631 omnes
2430 1584 2569 1645 nos,

237 1668 432 1735 etiam
490 1673 639 1733 tuos
699 1674 1076 1748 vexatores,
1137 1689 1256 1755 per
1317 1690 1555 1736 novum
1609 1673 1796 1735 tuum
1842 1666 2119 1735 docuisti
2166 1666 2573 1753 opusculum,

237 1788 364 1859 quo
411 1794 566 1838 nam
610 1772 801 1839 modo
847 1794 1058 1840 sermo
1103 1772 1246 1841 fieri
1295 1774 1539 1842 debeat
1582 1774 1671 1841 ad
1715 1773 2031 1860 populum
2064 1774 2118 1855 ²,
2160 1774 2259 1840 ita
2300 1794 2565 1861 quoque

237 1879 674 1964 germanicam
735 1876 1122 1964 puericiam,
1182 1879 1695 1948 adulescentiam
1726 1884 1819 1947 -et
1862 1880 2271 1965 juventutem
2316 1878 2575 1963 doceas,

239 1984 529 2049 diversas
561 2004 728 2070 quas
745 1983 942 2050 calles
972 1984 1243 2069 linguas,
1278 1992 1346 2053 et
1377 1985 1733 2053 faciliorem
1756 1983 2047 2053 discendi
2070 1984 2354 2066 modum,
2385 1992 2463 2053 ut
2493 2007 2571 2055 eo

238 2090 444 2175 magis
491 2090 591 2154 tui
633 2089 849 2155 aemuli
901 2090 1168 2176 jaceant
1212 2090 1504 2177 inglorii,
1568 2097 1768 2175 tuque
1816 2091 2013 2157 etiam
2060 2097 2209 2176 post
2266 2090 2588 2160 Nestoris'

237 2217 478 2276 annos,
540 2216 810 2280 corpore
881 2194 1200 2280 sepultus,
1255 2202 1483 2263 contra
1542 2217 1653 2263 eos
1700 2196 2053 2281 gloriosum
2100 2195 2299 2265 ducas
2348 2198 2576 2265 trium-

236 2301 458 2386 phum.
552 2300 824 2367 Domino
871 2299 1200 2387 Stephano
1249 2304 1488 2370 Rosino
1522 2301 1547 2341 ⁸
1590 2302 1939 2388 plurimum
1986 2302 2207 2384 debes,
2253 2302 2366 2389 qui
2411 2308 2563 2371 tuas

237 2405 415 2472 haud
463 2426 650 2472 secus
695 2426 894 2492 quam
939 2428 1090 2474 suas
1135 2409 1433 2495 proprias
1477 2428 1597 2494 pro
1643 2407 1834 2489 virili,
1880 2407 2079 2475 etiam
2124 2410 2379 2477 nomine
2428 2409 2563 2477 Cae-

237 2532 470 2578 sareae
533 2512 922 2597 Majestatis,
993 2517 1218 2580 tuetur
1275 2535 1526 2581 causas.
1616 2514 1835 2600 Teque
1897 2513 2037 2580 sola
2095 2514 2196 2580 uti
2250 2514 2574 2584 credimus

236 2618 414 2684 fama
446 2615 573 2684 sibi
603 2622 846 2699 notum,
895 2618 1216 2686 Martinus
1262 2619 1344 2687 de
1377 2619 1706 2703 Groninga
1736 2618 1765 2659 ⁴
1812 2618 2061 2705 jurium
2104 2618 2335 2687 doctor
2370 2627 2571 2703 amat,

237 2724 483 2811 quippe
550 2724 660 2809 qui
721 2723 1046 2809 interpres
1104 2726 1387 2811 juratus,
1450 2744 1749 2809 magnam
1814 2744 1894 2791 ex
1962 2722 2062 2790 his
2134 2745 2303 2810 qnae
2350 2730 2580 2793 nostra

237 2830 631 2900 Germanica
692 2829 914 2915 lingua
975 2831 1042 2897 in
1103 2830 1270 2898 actis
1335 2832 1747 2898 continentur
1805 2834 2062 2914 partem
2106 2827 2578 2917 interpretatus

240 2941 363 3003 est.
455 2937 544 3002 Et
589 2937 805 3003 omnia
863 2934 1062 3003 breve
1107 2942 1241 3018 est,
1288 2938 1423 3005 Deo
1484 2936 1763 3016 volente,
1809 2933 2248 3017 absoluturus,
2293 2934 2578 3004 minimis

238 3042 374 3109 tuis
427 3042 742 3130 expensis.
833 3040 970 3109 Nec
1017 3042 1149 3110 tuis
1193 3041 1391 3111 rebus
1438 3042 1623 3110 deest
1667 3042 1953 3110 Joannes
2013 3062 2136 3109 van
2204 3042 2323 3110 der
2368 3040 2519 3109 wik
2550 3040 2579 3083 ⁵

1395 3190 1430 3230 *

387 3302 412 3347 1
452 3295 620 3348 Hiber
643 3296 714 3347 ist
749 3295 806 3347 in
831 3295 921 3350 der
944 3295 1244 3364 sammlung
1279 3312 1385 3348 von
1408 3295 1612 3349 Erhard
1644 3296 1795 3349 nicht
1818 3296 2141 3365 aufgeffihrt.
2289 3300 2319 3347 2
2360 3296 2571 3356 Novum

238 3384 574 3454 opuseulum]
612 3384 713 3435 soll
737 3383 902 3436 damit
938 3383 1224 3437 Reuchlins
1258 3400 1345 3436 ars
1372 3384 1690 3453 praedioendi
1728 3401 1851 3437 vom
1880 3387 1921 3453 j.
1966 3385 2103 3436 1504
2124 3384 2357 3451 gemeint
2380 3385 2527 3436 sein?
2542 3387 2571 3435 ’ἒ

239 3477 270 3526 3
309 3473 548 3542 Stephan
573 3472 820 3534 Rosinus,
846 3471 962 3539 geb.
999 3471 1056 3523 in
1079 3472 1382 3541 Augsburg,
1417 3473 1612 3525 studirt
1647 3490 1713 3525 zu
1736 3474 1953 3525 Krnkau
1978 3472 2087 3523 und
2108 3472 2237 3523 wird
2271 3475 2401 3523 1501
2458 3488 2579 3540 pro-

238 3564 408 3614 fessor
440 3560 532 3612 der
561 3558 893 3628 philosophie
921 3560 979 3611 in
998 3560 1170 3624 wien,
1211 3548 1454 3629 zugleich
1476 3561 1716 3613 licentiat
1740 3559 1831 3612 der
1854 3559 2031 3611 rechte
2061 3558 2169 3610 und
2188 3558 2573 3610 bnkkalnureus

236 3649 328 3701 der
365 3648 652 3716 theologie,
690 3647 822 3697 wird
869 3648 948 3699 als
987 3646 1192 3701 solcher
1227 3648 1415 3716 caplan
1448 3648 1591 3701 Max.
1631 3649 1673 3712 1,
1718 3647 1960 3699 domhen·
1994 3662 2061 3698 zu
2100 3648 2319 3709 Paetina,
2372 3646 2575 3711 Trient,

234 3738 394 3789 Wien
420 3736 534 3789 und
571 3736 628 3785 in
652 3735 742 3786 des
768 3736 969 3787 kaisers
1005 3734 1312 3803 geschaften
1345 3737 1460 3787 eine
1490 3736 1595 3789 neit
1618 3736 1747 3803 lang
1769 3736 1907 3788 auch
1944 3734 2000 3786 in
2036 3735 2169 3785 Rom
2194 3733 2382 3801 thatig.
2455 3733 2579 3787 Von

234 3826 419 3877 seinen
457 3824 820 3891 zeitgenossen
857 3823 987 3875 wird
1025 3840 1080 3876 er
1114 3824 1196 3875 als
1241 3824 1580 3877 lateinischer
1616 3822 1817 3876 dichter
1862 3822 1969 3873 und
2022 3821 2422 3873 mathematiker
2457 3821 2578 3874 sehr

236 3913 504 3981 geriihmt‚
527 3912 664 3964 ohne
691 3912 812 3963 dass
840 3928 896 3964 er
913 3912 1018 3963 viel
1045 3911 1396 3964 schriftliches
1413 3912 1763 3964 hinterlassen
1786 3911 1947 3962 hatte.
1986 3911 2057 3961 Er
2082 3909 2241 3961 stirbt
2260 3909 2396 3961 nach
2422 3911 2577 3975 1534,

235 3999 681 4053 wahrscheinlich
718 4016 782 4051 zu
821 4000 1038 4051 Passau.
1183 4004 1218 4049 4
1254 4000 1375 4067 vgl.
1411 4005 1577 4051 unten
1615 4016 1712 4052 nro
1767 3999 1927 4051 CCVI
1964 3998 2071 4049 und
2095 3998 2353 4049 Reuchlin
2388 4014 2431 4052 ε.
2454 4001 2577 4053 314.

235 4092 267 4140 5
306 4076 454 4143 siber
489 4087 594 4142 den
627 4095 777 4140 sonst
813 4088 1191 4141 unbekannten
1229 4104 1403 4151 mann,
1443 4088 1535 4139 der
1550 4125 1555 4129 -
1570 4104 1673 4139 uns
1710 4088 1768 4139 in
1804 4087 1894 4139 der
1929 4086 2070 4154 folge
2109 4086 2247 4137 noch
2284 4086 2364 4137 oft
2386 4083 2577 4153 begeg-

233 4194 342 4229 nen
380 4177 530 4240 wird,
583 4192 706 4244 mag
757 4168 1000 4244 folgende
1047 4176 1190 4227 notiz
1238 4192 1333 4237 aus
1381 4176 1524 4227 einer
1572 4174 1881 4243 biographie
1918 4174 2188 4225 Hermann
2223 4172 2426 4223 Busche
2462 4172 2577 4225 hier

234 4264 392 4318 ihren
431 4266 571 4332 platz
623 4263 827 4315 finden:
886 4264 1085 4317 interea
1134 4264 1259 4315 dum
1307 4264 1585 4330 utriusque
1630 4279 1794 4315 causa
1841 4262 2182 4315 ventilaretur
2227 4262 2406 4312 Romae
2420 4300 2434 4325 ‚
2484 4261 2578 4314 ubi

235 4352 596 4420 patrocinium
637 4351 916 4404 Reuchlini
951 4352 1184 4419 suscepit
1228 4357 1280 4402 et
1325 4350 1493 4419 ipsius
1528 4351 1790 4403 actionem
1838 4347 2071 4399 defendit
2106 4348 2322 4399 Buschii
2360 4348 2577 4415 amicus,

237 4439 426 4492 doctor
460 4440 514 4493 J.
554 4441 621 4491 U.
657 4439 895 4490 Joannos
930 4456 963 4490 a
1001 4440 1174 4503 Wick,
1214 4440 1306 4507 qui
1343 4446 1525 4506 postea
1558 4455 1705 4491 anno
1742 4436 1942 4488 domini
1984 4440 2116 4489 1533
2156 4437 2211 4487 in
2244 4436 2575 4503 vastennow,

238 4534 303 4589 nt
337 4534 552 4593 sanctus
591 4532 810 4605 martyr,
847 4527 1123 4604 tyrannice
1158 4533 1238 4593 est
1273 4527 1481 4593 occisus
1517 4541 1551 4589 ἃ
1584 4524 1853 4589 canonicis
1884 4522 2386 4589 monasteriensibus
2420 4540 2579 4605 prop-
