2950 5042
1341 415 1430 484 39

236 605 342 672 bus
385 605 606 686 credo,
657 607 1020 698 praesertim
1067 607 1125 670 si
1171 611 1284 672 tuo
1331 625 1589 690 quoque
1628 603 1875 690 judicio
1922 607 2334 688 congruerint
2376 609 2551 694 quod

229 734 342 778 non
383 733 612 796 parum
647 713 950 797 ponderis
997 711 1248 776 afferet.
1339 711 1521 776 Vale.
1600 711 1698 774 Ex
1744 711 2102 795 Argentina
2150 717 2187 776 6
2234 719 2387 780 ante
2428 713 2553 780 fes-

229 823 352 882 tum
393 816 864 900 purificationis
897 817 968 880 B.
1017 817 1244 880 Mariae
1297 821 1487 880 1494.

386 924 708 986 Gedruckt:
763 931 792 986 1
849 945 934 980 .-.-.-
966 925 1028 985 C.
1063 942 1116 983 v.
1153 942 1202 984 e.
1238 941 1269 984 c
1301 941 1363 996 ας
1419 927 1455 984 2
1503 942 1585 982 =
1618 924 1675 984 J.
1710 943 1763 986 v.
1798 941 1851 984 e.
1884 942 1917 986 c
1946 926 2073 1000 iii⁸;
2124 929 2160 988 3
2197 947 2280 980 =
2314 925 2377 988 G.
2411 911 2463 988 wi.
2496 945 2547 988 e.

225 1030 274 1090 11
297 1028 388 1092 fol.
425 1035 562 1092 29⁸·
586 1027 640 1090 b.

1267 1135 1491 1252 XLvL

345 1275 672 1343 (stuttgart).
2322 1279 2472 1328 1494.

223 1373 516 1446 Joannis
562 1372 588 1420 1
633 1371 1002 1446 Reuchlin
1051 1371 1489 1445 Phorccnsis
1528 1371 1558 1418 ²
1610 1372 1689 1445 in
1742 1371 1971 1448 libros
2024 1371 2367 1474 Capnion
2422 1373 2541 1448 vel

522 1495 618 1570 de
653 1493 883 1570 verbo
923 1493 1239 1569 Mirifico
1289 1493 1632 1596 praefatio
1672 1493 1797 1594 (an
1832 1493 2221 1597 Dalburg).

368 1675 618 1739 Rerum
665 1693 1050 1738 arcanarum
1083 1673 1320 1739 curiosi
1351 1672 1616 1758 quidam
1649 1672 2115 1756 exploratores,
2168 1673 2541 1740 camerarie

233 1779 514 1863 Dalburgi
562 1779 854 1843 Antistes
902 1779 1301 1861 Vangionum
1350 1779 1813 1859 sacratissime,
1863 1799 2024 1863 quos
2071 1787 2137 1844 et
2186 1779 2541 1845 reconditae

227 1885 543 1951 verborum
601 1884 789 1962 vireS,
848 1890 914 1948 et
973 1883 1294 1949 abstrusae
1351 1906 1578 1950 vocum
1635 1885 1909 1968 energiae
1964 1891 2032 1950 et
2080 1884 2277 1949 divini
2328 1905 2537 1950 secre-

218 1997 404 2056 torum
473 1992 803 2064 nominum
865 1991 1276 2056 characteres
1326 1990 1708 2070 sollicitant,
1773 1996 1967 2056 aetatc
2024 1996 2251 2055 nostra
2310 1993 2539 2076 (quan-

214 2101 330 2160 tum
372 2097 598 2162 videre
645 2095 802 2160 mihi
835 2101 1010 2160 recte
1042 2095 1294 2180 videor)
1343 2117 1468 2160 non
1502 2117 1737 2178 parum
1770 2095 2074 2161 secedere
2108 2095 2193 2161 ab
2225 2097 2536 2180 antiquis-

211 2202 366 2268 simis
411 2203 780 2286 principum
825 2200 1355 2284 philosophorum
1390 2203 1416 2238 ³
1463 2201 1753 2284 vestigiis
1826 2199 2401 2284 deprehenduntur
2467 2209 2533 2268 et

215 2307 370 2372 circa
415 2307 812 2372 mirabilium
861 2305 1202 2370 effectuum
1249 2306 1665 2388 plenissimas
1712 2307 2170 2391 mysteriorum
2216 2308 2544 2391 operatio-

216 2432 316 2478 nes
380 2435 552 2500 saepe
622 2411 1024 2495 multumque
1087 2409 1424 2488 aberrare,
1509 2411 1631 2476 hac
1703 2412 2107 2496 potissimum
2177 2411 2255 2477 de
2324 2434 2540 2494 causa,

215 2517 374 2601 quod
419 2519 522 2583 vel
571 2519 818 2584 caduca
861 2517 1214 2601 figurarum
1261 2515 1660 2582 obscuritate
1709 2515 2062 2581 obliterata
2094 2517 2119 2554 ⁴
2162 2518 2261 2582 vel
2310 2519 2541 2602 depra-

215 2625 458 2689 vatione
524 2624 937 2689 librariorum
1007 2643 1316 2705 perversa
1365 2621 1390 2660 ⁵
1437 2629 1505 2687 et
1556 2621 1893 2701 mendosa,
1956 2643 2033 2686 ea
2100 2644 2303 2688 sacrae
2366 2624 2539 2689 illius

217 2727 628 2813 philosophiae
675 2730 946 2815 σύμβολα
995 2729 1020 2766 ⁶
1069 2733 1137 2793 et
1181 2728 1553 2794 veneranda
1600 2727 2191 2810 supernaturalium
2224 2729 2539 2793 virtutum

215 2833 530 2915 signacula
563 2834 801 2900 nedum
834 2833 1104 2917 intelligi
1137 2834 1252 2898 sed
1284 2855 1400 2898 nec
1433 2834 1560 2916 legi
1593 2837 1853 2916 queant.
1916 2833 2128 2910 Quare
2162 2833 2353 2898 taedio
2389 2835 2542 2917 pla-:-

215 2938 384 3022 rique
429 2962 508 3005 ac
557 2941 754 3004 inerti
803 2940 1015 3005 frusta
1062 2939 1525 3022 defatigatione
1574 2935 1808 3018 affecti,
1858 2943 1991 3002 tam
2026 2937 2353 3004 laudabile
2396 2961 2542 3004 con-

215 3045 558 3127 templandi
606 3065 806 3128 genus
854 3046 956 3110 vel
1002 3045 1023 3083 ⁷
1071 3043 1392 3110 horrendo
1441 3043 1698 3126 fugiunt
1743 3043 1845 3108 vel
1890 3045 2270 3128 negligendo
2310 3024 2540 3130 jandiu

219 3156 482 3231 coeptum
534 3150 859 3215 deserunt.
953 3149 1141 3215 Unde
1191 3149 1423 3213 ductus
1471 3170 1587 3232 ego
1634 3148 2001 3215 incredibili
2060 3151 2340 3235 quodam
2400 3173 2541 3234 gra-

215 3251 490 3320 tificandi
543 3257 761 3320 studio
809 3261 876 3319 et
925 3255 1225 3320 nimirum
1273 3276 1493 3320 amore
1542 3254 1855 3337 singulari
1902 3277 2055 3340 erga
2103 3257 2306 3321 omnis
2355 3257 2539 3322 bonae

219 3358 369 3424 artis
413 3360 728 3439 columen,
777 3362 1103 3444 egregium
1136 3361 1453 3425 Joannem
1500 3360 1907 3445 Lapidanum
1936 3359 1961 3398 ⁸
2008 3362 2345 3446 theologiae
2394 3362 2542 3428 doc-

355 3541 372 3584 1
419 3539 478 3585 1*
503 3539 638 3588 Hat:
677 3537 972 3587 JOANNIS
1004 3537 1259 3589 Reuchlin
1289 3477 1891 3605 JhorcensiscapNION
1918 3540 2000 3589 vel
2031 3539 2092 3588 dc
2126 3540 2284 3590 verbo
2321 3539 2542 3588 mirifico

219 3623 398 3685 primus
437 3630 482 3675 7.
633 3630 660 3674 2
702 3625 848 3676 Nach
888 3626 1230 3690 Phorccnsis,
1271 3627 1356 3675 LL
1397 3627 1645 3676 Doctoris
1683 3630 1730 3677 3.
1878 3631 1906 3678 3
1945 3626 2379 3693 philosophorum
2424 3641 2540 3676 aus·

220 3712 512 3776 gestrichen,
541 3713 694 3764 dafiir
722 3729 804 3762 am
829 3715 989 3763 rande
1017 3717 1101 3778 τῆς
1131 3713 1420 3782 φιλοσοφίας
1447 3721 1468 3764 1
1629 3719 1660 3764 4
1687 3715 1964 3766 obliterata
1990 3713 2471 3780 iibergeschrieben
2500 3721 2539 3765 1.

223 3798 252 3845 5
300 3814 526 3862 perversa
579 3801 1055 3866 iibergescbriebcn
1101 3805 1184 3852 fiir
1239 3803 1332 3854 das
1385 3804 1500 3854 hier
1546 3803 1818 3853 nochmals
1870 3803 2119 3852 stehendc
2176 3803 2300 3852 aber
2354 3818 2539 3868 ausge-

222 3886 463 3938 strichene
500 3890 810 3959 obliterata3
852 3897 900 3939 et
940 3890 1191 3941 mendosa
1229 3905 1310 3941 am
1352 3891 1511 3942 rande
1548 3897 1591 3942 1.
1704 3894 1733 3941 6
1774 3889 2005 3958 σύμβολα
2041 3892 2171 3941 iiber
2199 3891 2315 3940 dem
2351 3891 2540 3943 durch·

223 3973 495 4027 strichenen
555 3978 798 4043 symbola
854 3978 968 4042 (das
1021 3983 1047 4027 2
1101 3980 1210 4044 hat)
1269 3984 1310 4030 1.
1485 3985 1511 4029 7
1565 3981 1669 4029 Vor
1727 3995 1917 4045 genus:
1986 3979 2217 4030 studium
2285 3980 2540 4046 dui-ehge-

226 4063 432 4114 strichen
469 4071 510 4115 1.
623 4070 653 4116 8
693 4065 1016 4134 Lapidanus]
1055 4067 1327 4117 Johalines
1363 4068 1599 4133 Heynlin
1640 4083 1741 4117 von
1782 4069 1924 4119 Stein
1965 4068 2049 4133 (de
2090 4070 2214 4118 oder
2250 4086 2280 4119 a
2322 4071 2540 4136 Lapide)

229 4149 333 4212 geb.
361 4169 440 4202 um
471 4157 602 4204 1430
633 4155 683 4202 in
712 4154 1021 4218 Schwaben,
1049 4155 1271 4205 studicrt
1307 4158 1361 4206 in
1390 4155 1632 4222 Leipzig,
1678 4157 1806 4207 wird
1840 4160 1972 4208 1463
2015 4159 2268 4223 magister
2310 4160 2362 4206 in
2402 4159 2542 4208 Frei-

229 4235 364 4303 burg,
397 4240 516 4291 bald
555 4241 746 4292 darauf
777 4243 1156 4294 baccalaureus
1196 4244 1286 4294 der
1325 4245 1589 4310 theologie
1628 4245 1681 4294 in
1724 4247 1884 4309 PariS,
1923 4245 2060 4298 lehrt
2105 4249 2239 4296 1464
2284 4247 2361 4295 bis
2408 4250 2539 4297 1466

231 4323 319 4374 den
351 4329 612 4380 realismus
653 4331 706 4380 in
747 4332 930 4394 Bascl,
983 4334 1087 4382 und
1141 4349 1243 4383 von
1298 4334 1363 4383 da
1415 4350 1477 4383 an
1524 4334 1579 4382 in
1630 4335 1795 4384 PariS.
1872 4335 2003 4384 Hier
2051 4334 2179 4384 wird
2230 4351 2417 4384 er·am
2472 4340 2535 4383 24

233 4411 360 4464 Mara
401 4421 524 4469 1469
564 4435 681 4468 zum
719 4427 888 4470 rector
927 4421 1016 4472 der
1061 4423 1375 4472 universitat
1412 4422 1668 4488 gewahlt,
1720 4422 1944 4472 verlasst
1982 4421 2213 4473 disselbe
2254 4423 2380 4472 aber
2418 4421 2541 4472 bald

239 4501 354 4552 nach
390 4504 497 4556 dem
547 4523 646 4558 von
694 4509 870 4562 seiner.
909 4511 1072 4576 partei
1114 4527 1284 4577 gegen
1324 4511 1423 4561 den
1457 4510 1861 4560 nominalismus
1908 4509 2183 4576 gefiihrten
2223 4508 2439 4572 schlage
2479 4507 2530 4570 (1
