2950 5042
1528 400 1663 467 234

1526 631 1679 698 CCI.

575 712 722 769 Rom.
2267 726 2335 775 25
2372 722 2492 773 Jan.
2533 718 2671 771 1515.

429 787 552 865 JO.
610 786 900 863 Potken
991 789 1430 891 praepositus
1502 790 1577 868 S.
1640 792 1945 893 Georgii
2010 791 2347 871 Coloniae
2416 820 2579 869 cum
2638 791 2733 867 sui

430 912 805 989 amantiss
847 912 922 987 J.
953 910 1044 1004 Q.
1062 914 1110 963 ‘1
1145 910 1199 989 J
1201 914 1427 989 oanni
1461 915 1831 991 Reuchlin
1855 918 2260 993 Phorcensi
2290 918 2441 993 LL.
2482 914 2737 991 doctori

1438 1036 1513 1114 S.
1556 1039 1645 1114 D.
1686 1038 1770 1115 P.

608 1180 783 1248 Nihil
839 1181 1256 1269 ambigimus,
1322 1184 1694 1254 doctissime
1756 1188 2015 1270 Ductor,
2074 1189 2232 1274 quin
2287 1193 2355 1254 et
2419 1192 2646 1254 nostrae
2684 1190 2740 1251 et
2847 1168 2853 1179 ¹

431 1287 709 1355 aliorum
754 1287 871 1355 tibi
918 1295 984 1355 et
1014 1289 1399 1355 innocentiae
1431 1296 1561 1357 tuae
1591 1286 1950 1359 faventium
1983 1294 2211 1376 literae,
2256 1302 2322 1360 te
2356 1293 2439 1360 ob
2471 1292 2741 1358 Picatum

431 1415 558 1459 non
613 1398 909 1479 pertecta
966 1394 1034 1460 in
1096 1393 1372 1462 urbibus
1422 1397 1805 1480 volantium,
1861 1400 1978 1467 sed
2036 1400 2296 1465 vicatim
2345 1404 2415 1465 et
2461 1397 2741 1463 domatim

431 1499 632 1567 etiam
699 1500 969 1567 casatim
1030 1498 1295 1566 humum
1356 1522 1485 1567 non
1542 1511 1822 1589 quatuor
1885 1504 2001 1571 sed
2064 1505 2351 1591 quinque
2414 1504 2734 1588 digitorum

428 1603 705 1691 pedibus
750 1605 1142 1672 calcantium
1188 1612 1255 1673 et
1301 1614 1623 1692 quaestum
1668 1610 2086 1677 mendicitate
2119 1609 2499 1676 facientium
2532 1606 2742 1673 vexati·

431 1732 606 1792 ones,
672 1710 841 1778 forte
902 1711 1417 1793 formidulosum,
1475 1714 1881 1800 aliquantum
1928 1722 2248 1797 recreent,
2310 1734 2525 1800 eaque
2571 1713 2644 1779 de
2683 1733 2739 1777 re

430 1820 498 1883 te
543 1816 625 1883 de
670 1817 995 1883 nonnullis
1039 1818 1350 1902 proximis
1396 1819 1627 1887 diebus
1671 1843 1791 1905 pro
1840 1827 1907 1888 et
1937 1828 2166 1887 contra
2198 1828 2264 1887 te
2296 1822 2522 1887 Romae
2552 1817 2739 1905 gestie,

430 1923 772 1989 certiorem
821 1922 1036 1989 facere
1083 1926 1473 1991 curavimus.

611 2028 728 2094 Die
777 2029 1046 2095 Veneris
1080 2030 1106 2069 ²
1162 2022 1456 2114 proximo
1503 2030 1707 2115 lapso,
1754 2028 1942 2097 nobis
1987 2030 2451 2117 praesentibus,
2512 2032 2734 2098 decreta

429 2131 556 2199 fuit
645 2132 942 2200 inhibitio
1016 2157 1136 2221 per
1211 2137 1819 2203 reverendissimum
1894 2134 2293 2203 cardinalem
2374 2136 2745 2213 Grimanum,

430 2237 710 2305 alterum
757 2260 837 2307 ex
883 2239 1134 2307 duobus
1182 2240 1575 2327 dignissimis
1621 2240 2061 2308 cardinalibus
2120 2240 2205 2309 ad
2252 2241 2747 2327 cognoscendum

431 2350 502 2411 et
545 2344 1022 2411 terminandum
1069 2368 1291 2413 omnes
1338 2354 1405 2414 et
1452 2349 1736 2432 singulas
1782 2370 2015 2415 causas
2045 2353 2194 2414 tuas
2224 2369 2344 2432 per
2371 2352 2752 2433 postremum

431 2449 820 2537 rescriptum
863 2452 931 2517 in
975 2451 1378 2519 inhibitionis
1409 2454 1838 2521 instrumento
1870 2456 2187 2521 insertum
2219 2454 2579 2540 deputatis,
2624 2472 2757 2539 quo-

431 2556 622 2623 modo
671 2577 750 2622 ex
795 2561 1020 2623 tenore
1070 2558 1360 2643 ejusdem
1407 2558 1840 2641 instrumenti,
1889 2560 2063 2646 quod
2110 2558 2197 2625 ad
2242 2560 2339 2625 tui
2385 2558 2755 2627 consolatio·

431 2683 582 2729 nem
645 2668 714 2729 et
764 2661 1101 2748 jactantiae
1167 2662 1289 2728 tibi
1351 2664 1841 2731 adversantium
1902 2665 2342 2731 confusionem
2386 2666 2479 2731 ad
2528 2672 2592 2731 te
2635 2665 2759 2729 mit-

429 2768 595 2835 titur
639 2768 895 2855 plenius
941 2768 1281 2855 intelliges,
1375 2770 1701 2855 Adempta
1747 2777 1849 2838 est
1894 2771 2090 2838 tertio
2127 2768 2335 2857 judici
2382 2770 2711 2837 Cardinali
2737 2768 2758 2807 ⁸

432 2873 638 2943 omnis
674 2875 1044 2961 jurisdictio
1105 2875 1396 2960 perbelle
1444 2878 1733 2963 quidem,
1801 2899 1881 2943 ne
1943 2882 2215 2963 propter
2260 2878 2667 2962 superiorem
2706 2876 2762 2939 in

431 2981 577 3065 ripa
635 2978 920 3047 fluminis
981 2980 1232 3062 locum,
1291 3004 1486 3068 quem
1546 2983 1759 3049 denuo
1821 2982 2115 3063 obtinet,
2164 2990 2392 3067 potum
2442 2983 2569 3048 tibi
2613 2982 2763 3047 forte

431 3083 788 3152 turbasset.
878 3086 1203 3153 Jussimus
1259 3109 1468 3173 nuper
1500 3089 1529 3128 ⁴
1590 3094 1657 3153 et
1701 3109 1872 3155 nunc
1920 3110 2178 3174 quoque
2215 3086 2557 3174 jubemus,
2614 3086 2763 3153 bono

431 3194 500 3256 te
546 3210 689 3257 esse
720 3190 954 3272 animo,
1001 3198 1430 3278 optamusque
1475 3199 1551 3258 ut
1582 3195 1754 3261 sicut
1798 3195 2049 3279 egregie
2096 3194 2384 3280 coepisti,
2433 3215 2561 3279 pro
2606 3190 2763 3260 virili

434 3315 644 3376 cureS,
689 3301 767 3362 ut
810 3297 1095 3364 omnium
1158 3298 1489 3365 climatum
1548 3307 1773 3385 gentes
1819 3320 1890 3367 se
1934 3300 2070 3366 suis
2117 3298 2372 3385 sibique
2418 3298 2768 3387 respective

434 3399 665 3469 alienis
714 3402 950 3489 linguis
997 3404 1269 3471 invicem
1313 3405 1698 3489 intelligant.

612 3506 779 3575 Nam
824 3508 892 3575 id
937 3509 1230 3595 profecto
1278 3511 1721 3577 necessarium
1768 3518 1898 3591 est,
1946 3511 2001 3577 si
2046 3508 2311 3576 tandem
2359 3530 2537 3576 unus
2586 3509 2769 3576 fuerit

431 3619 678 3703 pastor,
749 3636 952 3687 unum
1013 3621 1081 3681 et
1144 3616 1308 3682 ovile
1369 3639 1629 3685 novum.
1734 3618 1905 3684 Proh
1978 3616 2163 3682 dolor
2222 3622 2500 3701 propter
2559 3621 2769 3681 nostra

432 3721 879 3807 majorumque
926 3727 1300 3788 nostrorum
1347 3730 1623 3808 peccata
1669 3746 1711 3789 a
1754 3729 2047 3808 tempore
2094 3721 2545 3806 apostolorum
2600 3720 2767 3797 citra,

433 3825 701 3912 spiritus
748 3833 1010 3893 sanctus
1056 3827 1142 3893 ad
1187 3829 1539 3894 humanum
1587 3851 1789 3913 genus
1836 3830 1903 3894 in
1950 3826 2165 3912 specie
2209 3826 2446 3891 visibili
2478 3848 2609 3891 non
2640 3825 2770 3890 des-

433 3931 672 3997 cendit.
765 3932 893 3999 Sed
959 3934 1197 3999 donum
1271 3933 1678 4001 diversarum
1743 3935 2114 4019 linguarum
2182 3937 2281 3997 tot
2334 3932 2477 4017 jam
2541 3929 2765 3998 seculis

431 4044 758 4125 negatum,
804 4038 1243 4107 calamitatem
1289 4046 1358 4107 et
1401 4041 1731 4107 miseriam
1778 4038 2153 4107 mortalium
2198 4036 2465 4104 tandem
2512 4038 2766 4103 misera-

1576 4186 1613 4225 *

584 4281 607 4325 1
647 4276 798 4327 Etwa
822 4274 1098 4327 Johannos
1125 4276 1367 4357 Qutonuffi
1405 4274 1540 4327 oben
1578 4292 1619 4327 s.
1657 4278 1777 4339 223,
1816 4292 1862 4327 a.
1891 4280 1939 4325 2.
2088 4279 2117 4325 2
2154 4273 2252 4323 Die
2288 4271 2529 4340 Veneris]
2572 4275 2633 4322 19
2656 4271 2765 4321 Jan.

433 4362 534 4413 Dic
569 4362 808 4415 urkunde
845 4364 915 4415 ist
950 4364 1221 4415 euthalten
1263 4366 1320 4414 in
1357 4370 1476 4415 acta
1519 4365 1843 4430 judiciorum
1874 4364 1913 4429 j.
1957 4365 1987 4412 3
2025 4361 2108 4412 bis
2142 4361 2181 4411 J
2220 4362 2282 4410 5·
2317 4360 2646 4425 (wiederholt
2690 4358 2767 4408 boi

432 4450 610 4515 Majus
653 4466 695 4499 s.
734 4453 834 4501 467
873 4450 958 4502 bis
994 4454 1122 4520 470)
1170 4452 1277 4519 vgl.
1319 4452 1578 4503 Reuchlin
1626 4468 1668 4502 s.
1712 4454 1834 4502 314.
1982 4454 2012 4502 3
2051 4448 2409 4500 Vermuthlich
2453 4448 2644 4503 Bon-uh.
2680 4446 2766 4501 Οι-

432 4535 652 4607 tavaJ‘al.
796 4540 830 4592 4
870 4537 974 4593 mn
1009 4536 1245 4596 {tithei-er
1280 4538 1421 4597 brief
1449 4539 1690 4599 Potkens
1724 4540 1795 4593 ist
1830 4538 1980 4597 nicht
2018 4536 2273 4595 orhaltou.
