2950 5042
1240 418 1327 486 85

298 688 421 742 mm.
574 651 581 659 ⁸
1081 606 1489 679 LXXXVHI'
1929 706 1992 757 ιε
2031 704 2180 773 spru
2224 710 2380 764 150⁴.

183 774 247 851 F.
292 776 523 854 Petrus
590 779 801 857 Siber
862 786 907 880 1,
978 783 1467 862 Provincialis
1532 788 1808 865 ordinis
1869 792 2449 872 Praedicatorum

264 898 367 973 Jo.
402 899 757 978 Reuchlin
794 905 944 981 LL.
986 907 1167 983 Doo.
1210 910 1449 985 amico
1489 911 1917 989 charissimo
1957 916 2030 993 S.
2073 918 2162 992 D.
2203 918 2288 993 P.
2313 916 2344 965 ²

320 1030 571 1117 Egregie
632 1034 887 1103 domine
956 1036 1187 1107 doctor
1242 1040 1448 1107 amice
1509 1042 1903 1111 charissime.
2007 1047 2236 1115 Habeo
2294 1053 2448 1114 tuae

183 1138 503 1205 reverentiae
564 1140 863 1224 ingentes
908 1144 1153 1228 gratias
1197 1168 1317 1231 pro
1366 1146 1702 1232 diligentia
1746 1170 1824 1215 ac
1870 1150 2094 1219 labore
2137 1152 2208 1219 in
2253 1172 2451 1221 causa

182 1246 375 1307 nostra.
462 1244 745 1313 Remitto
806 1247 1083 1317 latorem
1142 1254 1560 1336 praesentium
1620 1254 1688 1319 F.
1741 1256 2014 1322 Paulum
2061 1259 2172 1343 qui
2223 1278 2450 1323 rursus

184 1346 397 1413 consilio
451 1354 517 1415 et
578 1352 823 1419 auxilio
883 1360 997 1421 tuo
1056 1356 1388 1441 indigebit.
1489 1358 1624 1425 Nos
1681 1357 1748 1423 in
1813 1360 2180 1448 hujusmodi
2235 1362 2450 1429 causis

188 1452 481 1533 practicam
540 1478 670 1523 non
732 1456 1068 1526 habemus.
1158 1461 1407 1528 Invitus
1465 1461 1804 1545 contendo,
1867 1466 1982 1532 sed
2041 1488 2248 1554 neque
2305 1488 2453 1533 con-

186 1554 436 1625 fusionem
480 1562 854 1646 provinciae
900 1586 978 1631 ac
1010 1565 1271 1634 Ordinis
1302 1567 1582 1634 libenter
1628 1568 1930 1650 viderem,
1976 1592 2235 1655 possem
2294 1592 2448 1638 vero

194 1663 367 1745 optime
420 1667 559 1751 pati
620 1690 768 1735 cum
821 1692 983 1756 pace
1032 1678 1098 1739 et
1125 1673 1369 1739 honore
1402 1673 1617 1740 omnia
1643 1675 1994 1741 terminata
2025 1698 2183 1743 esse.
2261 1674 2448 1756 Quod

198 1770 275 1831 tuo
303 1772 547 1839 consilio
596 1779 797 1861 atque
844 1798 1046 1862 opera
1076 1800 1268 1863 spero
1299 1779 1556 1846 omnino
1585 1802 1777 1864 posse
1807 1779 1968 1847 fieri.
2027 1782 2259 1849 Frater
2287 1782 2452 1849 Pau·-

193 1869 261 1937 luu
286 1876 451 1959 plura
480 1878 678 1961 dicet,
724 1882 831 1948 cui
857 1881 1051 1949 fidem
1081 1884 1373 1951 habebis.
1462 1886 1599 1969 Ego
1630 1886 1842 1951 adhuc
1873 1886 2164 1954 febribus
2194 1888 2451 1973 fatigor.

190 1975 252 2043 Tu
284 2002 413 2049 vero
458 1985 607 2052 vale
652 2008 847 2071 quam
890 1990 1148 2074 optime.
1238 1990 1338 2056 Ex
1366 1990 1562 2057 Ulma
1597 1996 1677 2057 16
1709 1990 2038 2058 Kalendas
2069 1993 2229 2059 Maii
2263 1997 2452 2059 1504.

310 2091 629 2157 Gedruckt:
664 2116 750 2151 ==
781 2098 838 2158 J.
870 2116 927 2159 v.
960 2116 1011 2160 e.
1044 2095 1138 2175 pb.

1118 2272 1467 2341 LXXXIX.
2446 2332 2455 2337 .

283 2354 562 2412 Frankfurt.
1937 2366 1998 2413 1⁰1
2038 2361 2188 2431 April
2233 2363 2384 2415 1504.

176 2438 237 2515 F.
269 2444 669 2548 Wigandus
722 2463 771 2546 ⁸,
824 2448 1256 2550 Theologiae
1305 2450 1702 2553 professor,
1762 2450 2038 2528 ordinis
2083 2450 2458 2545 Praedicta-7

890 2582 1135 2649 torum
1172 2599 1272 2647 an
1307 2572 1710 2672 Reuchlin3

172 2691 338 2763 dankt
396 2700 533 2767 ihm
601 2701 668 2766 in
738 2702 980 2768 seinem
1043 2703 1178 2769 und
1245 2703 1361 2769 des
1430 2704 1666 2771 ordens
1724 2723 1958 2770 namen
2007 2702 2113 2769 fiir
2159 2702 2265 2771 die
2324 2703 2462 2771 auf-

170 2801 436 2884 opfernde
480 2806 833 2893 thatigkeit
875 2807 1011 2875 und
1054 2808 1250 2877 bittet
1296 2810 1465 2877 auch
1503 2811 1572 2877 in
1617 2810 1795 2876 einer
1842 2830 2054 2876 neuen
2085 2808 2462 2909 angelegen-

284 3011 305 3057 1
343 3010 415 3061 zu
452 3010 559 3062 den
596 3011 841 3063 schiilern
891 3011 983 3063 des
1022 3012 1207 3063 Petrus
1244 2946 1396 3063 Siber
1439 3011 1628 3079 gehort
1673 3008 1880 3062 conrad
1917 3010 2096 3061 Collin
2141 3008 2252 3061 und
2300 3008 2463 3061 Niko-

171 3090 263 3145 laus
294 3098 575 3167 Ellenbog.
645 3099 915 3152 Letzterer
950 3101 1185 3153 schreibt
1220 3102 1359 3153 nach
1398 3101 1580 3151 Petere
1625 3101 1758 3153 1508
1809 3099 2085 3167 erfolgtetn
2122 3100 2267 3151 todo:
2317 3098 2466 3167 Mag·

172 3196 266 3234 nam
303 3187 565 3252 jacturam
612 3205 752 3240 mors
801 3190 955 3255 hujus
994 3188 1287 3240 doctissimi
1341 3190 1444 3239 riri
1497 3188 1671 3239 ordini
1720 3194 1896 3239 vestro
1951 3188 2248 3239 indubitato
2295 3190 2464 3255 pariet

173 3270 276 3322 Novi
311 3292 402 3343 ego
441 3278 710 3328 hominem
757 3282 811 3330 et
854 3278 979 3329 dum
1016 3278 1389 3343 Heidelbergae
1435 3277 1738 3327 trivialibus
1781 3277 2081 3327 insisterem
2127 3276 2318 3337 literis,
2367 3270 2466 3324 fress

176 3365 378 3423 quentius
415 3366 765 3418 concionibus
817 3366 929 3431 ejus
970 3367 1198 3417 interfui.
1273 3366 1479 3417 Habuit
1515 3366 1596 3415 vir
1642 3365 1734 3415 ille
1780 3365 2103 3431 singularem
2149 3365 2375 3430 gratiam
2412 3369 2468 3413 ut

178 3460 301 3516 tupra
322 3452 372 3504 id
411 3454 554 3521 quod
594 3461 702 3505 erat
741 3470 871 3506 rarae
911 3455 1161 3505 doctrinae
1198 3453 1375 3505 facilis
1413 3468 1618 3519 quoque
1646 3458 1787 3504 esset
1813 3460 1862 3502 et
1890 3451 2156 3517 jucundus
2190 3450 2470 3517 loquendo,

180 3534 233 3586 its
270 3546 320 3590 ut
371 3558 491 3593 eum
546 3542 730 3594 audire
772 3542 986 3593 taederet
1030 3543 1308 3594 neminem.
1383 3544 1517 3591 'Pam
1566 3547 1816 3607 praeterea
1867 3541 2059 3590 efficax
2107 3539 2470 3605 persuadendo

185 3640 295 3688 qum
330 3630 471 3681 alius
509 3645 689 3693 nemo,
746 3632 822 3682 ita
858 3638 917 3681 ut
954 3630 1113 3682 facile
1154 3646 1257 3696 quo
1306 3629 1469 3680 vellet
1507 3630 1772 3680 audientis
1812 3629 2042 3677 animum
2079 3627 2366 3692 impellere.
2405 3642 2470 3675 an

185 3709 223 3763 Ρ.
250 3717 385 3769 Prior
434 3720 493 3770 in
533 3718 654 3769 Ulrn
714 3723 777 3769 14
824 3718 933 3769 kal.
980 3733 1106 3769 nov.
1151 3720 1286 3769 1508
1336 3718 1432 3769 lib.
1471 3720 1498 3769 1
1535 3734 1615 3784 ep.
1660 3720 1726 3767 52
1775 3717 1866 3767 sol.
1913 3720 1978 3765 47
2025 3714 2470 3780 (Ellenbogsches

182 3798 430 3859 briefmser.
470 3824 513 3859 s.
554 3808 643 3873 u.).
794 3813 821 3857 2
862 3808 1051 3858 Dieser
1094 3806 1202 3857 und
1254 3806 1339 3858 die
1386 3823 1502 3857 nro.
1549 3806 1876 3858 LXXXXIX
1914 3804 2024 3854 und
2069 3806 2132 3854 91
2187 3800 2470 3867 folgenden

178 3887 309 3944 briefe
345 3895 465 3946 sind
500 3911 600 3946 nur
647 3896 703 3945 in
747 3894 848 3946 den
890 3896 1019 3963 Epp.
1058 3896 1136 3946 ill.
1175 3896 1272 3946 vir.
1311 3896 1661 3961 abgedruckt‚
1699 3892 1909 3945 obwohl
1949 3893 2026 3942 sie
2065 3890 2157 3942 der
2193 3892 2296 3941 zeit
2331 3890 2473 3939 ihrer

178 3976 435 4052 :brassung
470 3984 611 4035 nach
648 4000 786 4051 ganz
824 3984 962 4035 wohl
1002 3984 1167 4035 sehon
1206 3986 1278 4034 im
1304 3992 1477 4034 ersten
1503 3984 1642 4035 buch
1669 3982 1847 4034 hatten
1876 3980 2015 4047 platz
2042 3980 2219 4031 finden
2243 3978 2471 4029 konnen.

181 4064 248 4117 Sie
280 4072 457 4123 stehen
494 4073 675 4123 direkt
713 4088 808 4123 vor
855 4071 974 4123 dem
1020 4072 1388 4124 briefwechsel
1438 4072 1728 4129 Reuehlins
1775 4071 1872 4121 mit
1918 4068 2019 4118 den
2064 4068 2267 4119 Kolner
2314 4064 2478 4119 domn

177 4156 403 4210 nikanern
445 4140 561 4211 und⁴
598 4161 686 4210 ich
725 4159 919 4227 glaube
956 4162 1105 4211 nicht
1141 4177 1205 4211 zu
1256 4162 1421 4225 irren‚
1472 4176 1624 4211 wenn
1670 4158 1755 4208 ich
1803 4156 2087 4221 behaupte,
2138 4155 2260 4205 dass
2308 4151 2472 4203 durch

179 4242 299 4296 dieue
334 4248 865 4315 zusammenstellung
902 4248 987 4299 die
1036 4248 1465 4299 undankbarkeit
1519 4249 1611 4298 der
1645 4247 1847 4298 Kolner
1891 4245 2040 4295 recht
2086 4243 2221 4309 grell
2268 4242 2477 4308 gezeigt

179 4334 361 4386 werden
398 4338 575 4401 sollte,
630 4337 717 4388 dio
753 4343 923 4387 zuerst
959 4338 1031 4386 im
1071 4336 1213 4388 dank
1250 4339 1337 4387 fiir
1372 4339 1460 4389 Rs.
1497 4335 1884 4418 bemiihungenu
1904 4332 2062 4381 kaurn
2099 4336 2260 4381 worte
2299 4346 2478 4397 genug

178 4420 331 4473 finden
364 4424 569 4477 konnen
606 4425 719 4476 und
754 4430 929 4493 spater
965 4426 1059 4476 ihn
1092 4440 1151 4476 so
1176 4426 1344 4494 hestig
1369 4424 1665 4478 anfeinden.
1778 4424 1808 4475 3
1847 4420 1994 4473 Uber
2019 4418 2101 4472 W.
2128 4418 2238 4492 vgl.
2261 4414 2475 4473 Eehard

182 4506 347 4582 script.
380 4515 540 4569 ordin.
575 4514 983 4573 Pradieatorum
1019 4516 1090 4585 11,
1134 4517 1214 4573 13.
2079 4530 2088 4535 ·
2309 4528 2316 4531 ·
