2950 5042
1265 403 1396 475 249

1155 782 1499 851 CCXVIII.

314 872 672 927 Ottenbeuern.
2040 874 2071 924 6
2110 871 2219 923 Mai
2264 872 2417 925 1516.

475 965 728 1038 Frater
763 960 1119 1037 Nicolaus
1155 960 1530 1079 Ellenbog
1569 958 1937 1062 Capnioni
1976 959 2050 1036 S.
2094 960 2184 1036 D.

343 1112 706 1197 Praeceptor
750 1107 1046 1189 colende3
1094 1108 1204 1193 qui
1251 1098 1370 1175 has
1417 1108 1541 1175 tibi
1586 1107 1872 1175 reddidit
1915 1107 2141 1179 literas
2186 1116 2377 1196 pater
2422 1115 2493 1179 et

183 1216 474 1299 jucundus
521 1221 588 1281 et
634 1215 843 1281 bouus
876 1213 1103 1279 diebus
1148 1212 1253 1279 hic
1299 1214 1436 1297 egit
1475 1215 1719 1299 paucis.
1812 1214 1939 1281 Ubi
1971 1222 2191 1284 autem
2215 1215 2493 1299 accoepit

189 1342 272 1385 me
330 1320 445 1387 tibi
500 1325 692 1387 tanta
749 1319 1115 1385 devinctum
1173 1318 1682 1399 necessitudine,
1742 1318 1993 1407 absque
2050 1320 2213 1387 meis
2274 1319 2360 1387 ad
2422 1326 2491 1387 te

186 1424 364 1491 literis
393 1426 575 1491 abire
623 1424 773 1489 hinc
804 1423 1027 1489 noluit.
1121 1421 1246 1489 Sed
1280 1444 1355 1490 eo
1403 1422 1657 1491 facilius
1688 1425 2061 1511 impetravit
2108 1425 2281 1512 quod
2322 1424 2493 1493 vole-

187 1530 281 1595 bat
320 1552 442 1616 quo
487 1530 613 1597 tibi
676 1532 816 1595 sum
863 1526 1135 1595 affectus
1179 1528 1586 1615 propensius.
1677 1530 1773 1597 Eo
1817 1538 2035 1597 autem
2082 1552 2185 1597 me
2232 1552 2375 1599 esse
2422 1530 2490 1597 in

185 1642 237 1701 te
277 1636 483 1701 animo
547 1622 716 1701 scias
764 1634 933 1700 bono
988 1639 1057 1700 et
1115 1635 1322 1699 amico
1384 1656 1514 1719 quo
1560 1635 1653 1701 fui
1708 1655 1964 1721 semper
2022 1643 2091 1703 et
2135 1642 2376 1722 praeter
2419 1635 2491 1703 id

183 1741 408 1824 quidem
453 1740 632 1827 quod
679 1760 846 1806 nunc
891 1738 976 1805 ad
1021 1744 1087 1805 te
1119 1738 1470 1805 scriberem
1519 1739 1720 1807 habui
1759 1741 1938 1807 nihil.
2028 1742 2332 1808 Ceterum
2362 1742 2493 1809 avi-

183 1844 416 1912 dissime
463 1845 656 1929 cupio
688 1843 906 1910 videre
953 1854 1145 1917 :ww
1181 1854 1322 1905 'wit
1355 1854 1521 1929 Τιοο
1555 1858 1645 1906 me
1684 1848 1724 1927 ¹,
1771 1847 2071 1931 promisit
2116 1846 2289 1913 enim
2334 1846 2493 1913 mihi

181 1950 463 2033 praefatus
507 1956 702 2037 pater
749 1971 818 2016 se
863 1948 1020 2015 mihi
1065 1948 1248 2015 illum
1277 1950 1639 2017 missurum·
1665 1951 1865 2019 brevi.
1956 1952 2117 2020 Vale
2150 1952 2333 2019 bene.
2390 1953 2493 2019 Ex

181 2054 558 2142 Ottenpurra
605 2054 816 2141 pridie
862 2075 1068 2122 nonas
1113 2056 1268 2141 maji
1317 2060 1507 2122 1516.

329 2184 451 2242 Ans
497 2182 607 2242 der
651 2179 1034 2242 handscbrift:
1081 2202 1168 2236 =
1207 2182 1533 2257 Ellenbogii
1582 2182 1961 2257 epistolarum
2011 2182 2147 2243 libri
2192 2184 2297 2244 IX.
2344 2183 2489 2245 Cod.

177 2287 262 2347 lat.
312 2292 479 2349 5643
535 2288 643 2349 der
688 2287 948 2349 biblioth.
996 2287 1288 2349 nationale
1327 2289 1388 2347 in
1430 2288 1630 2374 Paris,
1676 2289 1789 2349 vol.
1824 2290 1881 2365 Ι,
1936 2288 2036 2349 lib.
2069 2289 2173 2366 ΙΙΙ,
2224 2291 2390 2363 epist.
2429 2293 2489 2364 4,

178 2389 260 2453 fol.
299 2390 430 2453 llb.
685 2416 690 2421 ·
2496 2397 2505 2403 ’

1189 2550 1466 2647 ccxix.

301 2667 584 2733 Stuttgart.
2022 2669 2055 2717 5
2092 2667 2222 2719 Juni
2266 2668 2419 2719 1516.

689 2753 741 2829 J
744 2780 1020 2829 oannes
1056 2754 1424 2831 Reuchlin
1459 2782 1561 2829 an
1596 2754 1947 2830 Erasmus

170 2916 354 2985 dankt
399 2918 510 2985 fiir
559 2916 938 2983 erhaltenen
972 2916 1146 2984 brief
1192 2918 1324 2985 und
1370 2918 1559 2985 buch.
1620 2917 1943 2984 Mehercle
1976 2940 2118 2984 cum
2168 2924 2284 2985 tua
2328 2919 2489 3004 lego,

164 3022 246 3087 ita
273 3045 568 3090 meorum
599 3028 964 3089 contemtor
1007 3044 1150 3090 sum
1193 3030 1270 3089 ut
1312 3044 1485 3107 saepe
1530 3029 1708 3090 totus
1754 3046 1795 3091 a
1840 3024 2091 3091 calamo
2140 3025 2489 3106 desideam,

157 3127 526 3194 subtristior
557 3126 1051 3215 aliquantisper,
1097 3128 1250 3194 dum
1293 3129 1655 3196 studiorum
1687 3136 1947 3197 tuorum
1978 3130 2489 3215 magnitudinem

164 3240 323 3299 recte
391 3232 622 3318 judico
695 3232 1047 3319 s'criptores
1130 3234 1342 3301 aetatis
1418 3241 1657 3303 nostrae
1734 3237 1981 3302 omneis
2060 3237 2492 3323 undequaque

1302 3363 1338 3403 8

163 3455 594 3519 quemadmodum
631 3462 684 3505 et
719 3454 1008 3505 Germanos
1045 3468 1242 3516 omnes,
1279 3458 1533 3519 quotquot
1572 3454 1749 3517 Roma
1784 3462 1925 3517 sunt,
1964 3454 2256 3506 eruditione
2292 3454 2493 3520 longis·

163 3542 280 3594 sime
326 3542 620 3595 antecellit.
691 3542 984 3609 Stephanus
1021 3549 1196 3593 autem
1235 3542 1487 3606 Rosinus,
1524 3548 1583 3593 ut
1616 3540 1839 3593 Caesaris
1893 3543 2293 3597 sollicitatorem
2329 3540 2515 3606 decet,.

162 3632 206 3680 in
244 3649 438 3699 magna
492 3630 634 3699 apud
685 3636 953 3682 senatores
1005 3646 1184 3681 omnes
1221 3626 1537 3697 purpuratos
1582 3631 1997 3694 existimatione,
2044 3632 2219 3697 gratia
2270 3631 2525 3695 mirifice,

161 3719 326 3783 pollet.
404 3718 690 3771 Galatinus
726 3719 896 3785 patria
923 3718 1278 3785 Dyr-achinus,
1317 3720 1529 3769 natione
1553 3719 1791 3785 Epirota,
1828 3718 2008 3781 latine,
2043 3734 2231 3784 grace,
2269 3718 2495 3784 ebraice,

163 3807 534 3873 chaldaiceque
586 3806 970 3857 eruditissimus
1011 3806 1124 3870 jam
1170 3814 1305 3871 tum,
1359 3822 1482 3857 eum
1530 3824 1631 3874 ego
1670 3806 1841 3859 adbuc
1878 3806 2055 3857 Roma
2092 3822 2277 3871 essem,
2314 3807 2366 3857 in
2406 3808 2495 3859 de·

161 3894 452 3959 sensionem¹
483 3894 774 3963 Capnionis
812 3895 1043 3946 scribere
1079 3895 1362 3961 inceperat,
1401 3895 1684 3959 conarique
1720 3894 2075 3945 demonstrare
2112 3898 2291 3946 omnia
2326 3897 2494 3948 nostri

163 3981 412 4050 dogmatis
451 3985 708 4049 mysteria
746 3984 797 4032 in
837 3982 1198 4034 'Phalmudieis
1229 3982 1593 4039 solaminibus
1634 3982 1835 4047 haberi,
1908 3985 2149 4048 Dumque
2185 3999 2283 4050 ego
2324 3983 2493 4036 disce-

163 4068 342 4134 derem,
382 4072 570 4123 decem
607 4071 877 4122 volumina
905 4072 1152 4123 absoluta
1181 4078 1343 4134 erant,
1382 4071 1697 4135 dicebatque
1734 4071 1977 4121 facienda
2003 4086 2279 4138 superesse
2318 4072 2493 4124 adhue

164 4167 289 4211 octo.
362 4162 466 4211 His
519 4160 678 4226 igitur
727 4161 1033 4226 argonautis
1083 4176 1236 4227 spero
1277 4160 1604 4225 Capnionem
1642 4174 1853 4210 aureum
1906 4159 2077 4209 vellus
2117 4174 2183 4209 ex
2220 4158 2492 4225 Colchide,

163 4243 253 4298 boc
289 4258 395 4311 est,
445 4248 894 4314 speciosissimam
945 4248 1010 4297 de
1049 4247 1282 4301 diabolis
1314 4248 1426 4299 suis
1462 4246 1737 4298 victoriam
1774 4246 2077 4296 relaturum.
2151 4247 2285 4299 Vale
2320 4254 2373 4298 et
2410 4264 2495 4301 me

165 4348 288 4387 ama.
364 4336 468 4389 Die
497 4336 698 4388 Dianae.
775 4337 930 4387 Brevi
969 4344 1020 4386 te
1045 4336 1252 4389 videbo.
1303 4335 1537 4399 Petrejus
1564 4333 1937 4400 Aperbacchus
1962 4339 2100 4385 tuus.
2178 4334 2310 4389 Cod.
2337 4336 2495 4391 Goth.

173 4424 282 4474 399.
323 4424 414 4475 fol.
459 4426 591 4475 256⁸
627 4424 712 4475 bis
750 4427 899 4475 257⁸.

301 4516 325 4568 l
365 4513 470 4571 Die
509 4510 791 4586 folgenden
827 4511 1177 4573 hebraisoben
1215 4516 1376 4573 worte
1413 4508 1538 4572 siud
1574 4476 1723 4573 nicht
1760 4524 1824 4564 zu
1860 4508 2023 4569 lesen.
