2950 5042
1272 407 1359 475 89

200 595 355 663 annis
382 595 841 683 superioribus,
886 602 1021 667 tum
1069 598 1349 669 maxime
1396 622 1568 671 nunc
1611 605 1882 689 propter
1926 598 2310 688 eloquentiae
2355 606 2490 670 stu-

198 702 346 769 dium
396 708 461 768 et
511 710 839 789 poetarum
884 707 1327 775 amoenitatem
1374 730 1502 775 non
1545 706 1740 777 modo
1785 706 2219 792 negliguntur,
2266 728 2486 775 verum

199 808 366 873 etiam
407 829 446 874 a
490 831 689 894 quam
729 811 1025 896 plurimis
1072 816 1475 900 contemptui
1507 815 1856 893 habentur,
1901 812 1966 879 in
2001 820 2282 879 mentem
2313 814 2490 881 venit

196 913 425 979 tandem
469 916 777 1000 oportuni
823 918 1159 1003 cujusdam
1190 921 1480 1001 remedii,
1527 942 1607 985 ne
1645 924 1888 985 sanctae
1920 917 2136 985 bibliae
2167 918 2491 1003 scriptura

200 1018 282 1083 vel
319 1018 663 1105 aliquando
708 1028 849 1090 tota
892 1031 1125 1109 pereat
1171 1032 1237 1092 et
1282 1026 1471 1093 simul
1519 1026 1882 1092 animarum
1929 1030 2298 1090 nostrarum
2343 1044 2492 1109 pro-

194 1145 417 1207 gressus
480 1150 627 1194 cum
694 1130 875 1195 suavi
936 1136 1131 1197 cantu
1192 1131 1516 1213 Sirenum,
1577 1151 1740 1218 quas
1785 1149 1867 1196 ne
1915 1128 2182 1213 Ulysses
2227 1129 2488 1215 quidem

194 1230 429 1313 audiret,
486 1233 574 1299 ad
634 1235 873 1303 inferos
932 1235 1144 1303 abeat.
1238 1235 1341 1302 Ad
1384 1238 1583 1304 istum
1627 1242 1848 1303 autem
1908 1234 2171 1301 modum
2217 1237 2276 1302 ei
2321 1234 2491 1321 peri-

196 1336 309 1401 culo
350 1340 853 1407 succurrendum
898 1342 1141 1426 putavi.
1232 1342 1522 1409 Primum
1567 1342 1872 1421 omnium,
1919 1362 2068 1407 cum
2113 1341 2200 1407 sit
2243 1341 2310 1406 in
2355 1340 2489 1409 ani-

195 1442 289 1508 mis
326 1445 559 1513 nostris
610 1444 857 1533 (nescio
903 1446 1105 1531 unde)
1148 1448 1415 1514 insitum
1446 1447 1668 1513 multae
1701 1446 2044 1513 varietatis
2075 1446 2488 1527 desiderium,

200 1569 295 1631 quo
332 1548 402 1616 fit
444 1556 521 1617 ut
567 1558 870 1618 versetur
898 1552 967 1619 in
1012 1574 1125 1619 ore
1157 1552 1319 1621 illud
1350 1553 1687 1637 adagium:
1733 1551 1988 1617 vilescit
2021 1551 2488 1636 quotidianum,

202 1654 292 1718 erit
326 1676 586 1723 necesse
640 1663 923 1723 veterem
956 1664 1329 1725 sanctarum
1362 1659 1702 1726 literarum
1736 1658 2124 1742 dignitatem
2157 1657 2222 1723 iu
2253 1680 2488 1725 novam

208 1757 379 1826 faeiem
445 1763 709 1829 Latinis
780 1763 1149 1831 hominibus
1216 1766 1532 1832 hactenus
1599 1764 1996 1848 incognitam
2067 1766 2347 1847 reverti,
2413 1772 2489 1833 ut
2560 1831 2566 1837 .

207 1865 351 1931 nimia
414 1868 869 1936 familiaritate
934 1870 1329 1955 quotidianae
1387 1871 1686 1937 lectionis
1759 1868 2053 1954 explosa,
2115 1890 2352 1936 novum
2422 1876 2491 1938 et

196 1972 433 2038 nativum
478 1975 549 2041 in
602 1975 819 2041 divina
866 1976 1193 2061 scriptura
1238 1975 1494 2043 dicendi
1543 1996 1764 2060 genua,
1811 1975 2002 2060 quale
2053 1996 2124 2041 os
2172 1975 2279 2043 dei
2316 1975 2490 2042 locu·

194 2080 301 2140 tum
352 2084 462 2161 est,
524 2086 789 2147 nosmet
847 2081 975 2165 ipsi
1032 2102 1161 2148 non
1220 2081 1355 2149 sine
1418 2082 1701 2167 quadam
1759 2080 2036 2147 inauditi
2081 2096 2159 2147 ac
2203 2081 2488 2148 recentis

190 2200 357 2265 nuper
396 2186 605 2251 studii
650 2185 1083 2254 admiratione
1114 2187 1698 2273 apprehendamus.
1790 2186 1969 2253 Tunc
2019 2187 2190 2253 enim
2234 2186 2488 2253 tollitur

189 2289 427 2355 omnium
488 2292 1109 2376 interpretationum
1170 2314 1508 2361 commune
1553 2291 1920 2371 fastidium,
1982 2312 2128 2359 cum
2185 2292 2300 2357 illa
2343 2291 2490 2377 ipsa

186 2395 384 2459 veteris
430 2398 817 2463 testamenti
864 2397 1067 2463 biblia
1110 2398 1175 2463 in
1222 2420 1343 2465 sua
1386 2397 1816 2484 primordiali,
1862 2398 1984 2464 hoc
2035 2404 2138 2464 est
2181 2396 2490 2464 hebraica

186 2494 385 2581 lingua,
433 2508 503 2567 et
554 2502 683 2587 legi
730 2524 771 2568 a
814 2504 1057 2569 nostris
1104 2509 1173 2571 et
1216 2504 1488 2589 intelligi
1533 2504 1772 2590 possit:
1818 2503 1998 2570 haud
2047 2525 2234 2570 secus
2276 2524 2488 2588 neque

183 2603 287 2670 alio
327 2628 531 2691 more,
581 2612 780 2693 atque
826 2610 1143 2694 primaria.
1188 2612 1325 2696 ejus
1356 2611 1681 2677 institutio
1729 2630 1770 2675 a
1801 2630 2052 2675 summo
2085 2630 2303 2674 rerum
2335 2629 2483 2675 con-

185 2707 361 2777 ditore
418 2713 732 2779 inchoata
792 2713 1161 2800 desyderat.
1252 2716 1437 2795 Quod
1498 2716 1690 2802 plane
1743 2713 1886 2781 fieri
1929 2714 2192 2799 nequit,
2252 2714 2306 2778 si
2354 2735 2480 2781 non

184 2817 336 2898 prius
362 2819 825 2886 hebraicorum
855 2819 1317 2887 vocabulorum
1360 2823 1833 2908 proprietatem
1881 2826 1948 2885 et
1993 2840 2214 2887 veram
2261 2819 2478 2885 condi-

184 2922 393 2991 tionem
460 2927 817 3007 sermonis,
886 2946 929 2991 a
989 2948 1118 3013 quo
1186 2926 1363 2994 fonte
1435 2927 1645 2993 omnis
1725 2925 2052 3009 theologia
2117 2926 2482 3007 scaturivit,

190 3030 349 3097 avido
402 3037 651 3099 conatu
697 3031 978 3099 libenter
1032 3054 1475 3120 assequamur.
1571 3033 1771 3118 Cujus
1826 3032 2128 3099 doctrina
2189 3032 2481 3118 quamvis

186 3134 252 3199 sit
288 3138 588 3220 pueriIiS,
644 3144 863 3204 tamen
919 3139 1073 3223 quia
1132 3139 1433 3205 subtilior
1481 3139 1776 3225 quaedam
1823 3137 2100 3223 cognitio
2149 3160 2344 3224 quam
2409 3160 2490 3205 ea

185 3238 494 3311 literarum
553 3244 722 3311 ratio
770 3244 919 3323 alit,
978 3245 1377 3311 consuetudo
1434 3244 1760 3312 hebraicae
1818 3244 2093 3329 loquelae
2147 3266 2224 3311 ac
2271 3250 2482 3311 vetus-

184 3347 556 3418 tissimorum
602 3350 916 3416 librorum
947 3350 1141 3417 lectio
1174 3350 1407 3417 crebra
1438 3348 1795 3431 confirmat,
1829 3370 1908 3415 ex
1939 3372 2016 3417 ea
2045 3351 2479 3435 praeceptione

188 3455 387 3521 oritur:
438 3477 569 3521 non
598 3460 856 3521 tantum
900 3477 1031 3522 non
1078 3457 1255 3521 venit
1300 3455 1792 3536 contemnenda,
1841 3477 2062 3521 verum
2109 3456 2306 3521 etiam
2337 3462 2479 3520 tan-

187 3579 349 3642 quam
396 3561 683 3629 omnium
728 3562 1273 3646 praestantissima
1336 3582 1464 3627 non
1511 3562 1736 3641 aliter,
1794 3580 1990 3646 quam
2035 3558 2226 3626 liberi
2271 3559 2482 3625 nostri

186 3663 438 3734 infantes
488 3667 943 3748 exosculanda,
993 3672 1059 3732 et
1104 3668 1263 3734 totis
1311 3665 1596 3733 brachiis
1643 3665 2096 3752 amplexanda.

334 3772 496 3840 Cum
541 3773 739 3857 igitur
784 3772 1108 3840 hebraicae
1158 3772 1378 3839 bibliae
1407 3774 1654 3858 passim
1686 3774 1755 3838 in
1784 3772 1978 3837 Italia
2008 3772 2483 3856 imprimantur,

188 3895 323 3957 quas
353 3879 477 3944 sibi
510 3878 783 3963 quisque
813 3900 1023 3963 pauco
1056 3901 1185 3944 aere
1215 3880 1493 3944 mercari
1523 3879 1715 3945 facile
1750 3884 1981 3962 q-ueat3
2027 3899 2239 3963 neque
2271 3881 2489 3942 tamen

190 3999 252 4045 ex
280 3984 443 4049 omni
474 3983 1068 4052 literatissimorum
1100 3984 1430 4051 hominum
1462 4006 1731 4051 numero
1761 3985 1828 4049 in
1858 3984 2028 4049 hunc
2059 4004 2265 4067 usque
2314 3982 2486 4048 diem

189 4083 459 4156 inventus
508 4089 594 4155 sit
639 4112 805 4156 unus
848 4091 953 4156 vel
1006 4092 1163 4156 item
1195 4091 1383 4171 alter,
1432 4092 1546 4175 qui
1575 4112 1696 4175 pro
1729 4090 2137 4155 sanctissima
2169 4088 2493 4173 theologia

188 4188 443 4277 linguam
503 4194 877 4262 hebraicam
935 4198 1503 4281 grammaticorum
1560 4216 1740 4261 more
1789 4194 2174 4261 Christianis
2237 4192 2495 4259 demon-

188 4301 420 4382 straret,
466 4301 747 4368 fortasse
796 4302 971 4389 quod
1000 4302 1103 4367 vel
1150 4306 1405 4368 tantum
1453 4301 1746 4367 laborem
1802 4302 2081 4383 majores
2145 4298 2352 4363 nostri
2396 4298 2494 4365 fu·

190 4414 425 4487 gerunt,
488 4408 601 4493 qui
660 4428 864 4492 prope
923 4428 1070 4473 mea
1114 4408 1437 4475 sententia
1485 4413 1586 4472 est
1631 4405 1917 4471 infinitus
1964 4401 2064 4467 vel
2111 4424 2244 4469 suae
2291 4403 2492 4489 digni·

190 4510 294 4575 tati
333 4517 643 4597 putavere
689 4514 918 4599 impar,
966 4512 1160 4599 quod,
1206 4514 1475 4580 summis
1521 4511 1884 4578 divinarum
1928 4508 2487 4593 humanarumque
