<?xml version="1.0" encoding="UTF-8"?>
<!DOCTYPE html PUBLIC "-//W3C//DTD XHTML 1.0 Transitional//EN"
    "http://www.w3.org/TR/xhtml1/DTD/xhtml1-transitional.dtd">
<html xmlns="http://www.w3.org/1999/xhtml" xml:lang="en" lang="en">
 <head>
  <title>
</title>
<meta http-equiv="Content-Type" content="text/html;charset=utf-8" />
  <meta name='ocr-system' content='tesseract 3.04.00' />
  <meta name='ocr-capabilities' content='ocr_page ocr_carea ocr_par ocr_line ocrx_word'/>
</head>
<body>
  <div class='ocr_page' id='page_1' title='image "./johannreuchlins00geiggoog/johannreuchlins00geiggoog_0363.png"; bbox 0 0 2950 5042; ppageno 0'>
   <div class='ocr_carea' id='block_1_1' title="bbox 1292 395 1421 462">
    <p class='ocr_par' dir='ltr' id='par_1_1' title="bbox 1292 395 1421 462">
     <span class='ocr_line' id='line_1_1' title="bbox 1292 395 1421 462; baseline 0 -1"><span class='ocrx_word' id='word_1_1' title='bbox 1292 395 1421 462; x_wconf 84' lang='lat'>353</span> 
     </span>
    </p>
   </div>
   <div class='ocr_carea' id='block_1_2' title="bbox 174 585 2528 2996">
    <p class='ocr_par' dir='ltr' id='par_1_2' title="bbox 198 585 2526 778">
     <span class='ocr_line' id='line_1_2' title="bbox 202 585 2526 673; baseline 0 -21"><span class='ocrx_word' id='word_1_2' title='bbox 202 585 470 652; x_wconf 87' lang='lat' dir='ltr'><strong>Galliam</strong></span> <span class='ocrx_word' id='word_1_3' title='bbox 517 585 1059 672; x_wconf 79' lang='lat' dir='ltr'>Germaniamque</span> <span class='ocrx_word' id='word_1_4' title='bbox 1104 586 1470 671; x_wconf 76' lang='lat' dir='ltr'>peragravi3</span> <span class='ocrx_word' id='word_1_5' title='bbox 1527 608 1569 652; x_wconf 86' lang='lat' dir='ltr'>a</span> <span class='ocrx_word' id='word_1_6' title='bbox 1613 608 1863 654; x_wconf 86' lang='lat' dir='ltr'>summo</span> <span class='ocrx_word' id='word_1_7' title='bbox 1911 587 2270 654; x_wconf 86' lang='lat' dir='ltr'>animarum</span> <span class='ocrx_word' id='word_1_8' title='bbox 2317 588 2526 673; x_wconf 87' lang='lat' dir='ltr'>ponti-</span> 
     </span>
     <span class='ocr_line' id='line_1_3' title="bbox 198 690 2242 778; baseline 0.002 -24"><span class='ocrx_word' id='word_1_9' title='bbox 198 690 311 758; x_wconf 87' lang='lat' dir='ltr'>fice</span> <span class='ocrx_word' id='word_1_10' title='bbox 358 691 441 756; x_wconf 90' lang='lat' dir='ltr'>ad</span> <span class='ocrx_word' id='word_1_11' title='bbox 487 713 806 758; x_wconf 88' lang='lat' dir='ltr'>summum</span> <span class='ocrx_word' id='word_1_12' title='bbox 854 692 1075 757; x_wconf 90' lang='lat' dir='ltr'>mundi</span> <span class='ocrx_word' id='word_1_13' title='bbox 1124 692 1481 772; x_wconf 66' lang='lat' dir='ltr'>dominum</span> <span class='ocrx_word' id='word_1_14' title='bbox 1529 693 1735 758; x_wconf 87' lang='lat' dir='ltr'>Roma</span> <span class='ocrx_word' id='word_1_15' title='bbox 1777 693 1842 756; x_wconf 92' lang='lat' dir='ltr'>in</span> <span class='ocrx_word' id='word_1_16' title='bbox 1893 692 2242 778; x_wconf 76' lang='lat' dir='ltr'><strong>Sequanos.</strong></span> 
     </span>
    </p>

    <p class='ocr_par' dir='ltr' id='par_1_3' title="bbox 186 795 2525 1732">
     <span class='ocr_line' id='line_1_4' title="bbox 371 795 2525 882; baseline 0 -18"><span class='ocrx_word' id='word_1_17' title='bbox 371 797 497 864; x_wconf 87' lang='lat' dir='ltr'>Sed</span> <span class='ocrx_word' id='word_1_18' title='bbox 540 803 678 863; x_wconf 86' lang='lat' dir='ltr'>tum</span> <span class='ocrx_word' id='word_1_19' title='bbox 720 797 875 882; x_wconf 89' lang='lat' dir='ltr'>quid</span> <span class='ocrx_word' id='word_1_20' title='bbox 918 798 997 863; x_wconf 93' lang='lat' dir='ltr'>de</span> <span class='ocrx_word' id='word_1_21' title='bbox 1040 795 1251 864; x_wconf 90' lang='lat' dir='ltr'>literis</span> <span class='ocrx_word' id='word_1_22' title='bbox 1292 797 1359 864; x_wconf 93' lang='lat' dir='ltr'>in</span> <span class='ocrx_word' id='word_1_23' title='bbox 1403 797 1617 863; x_wconf 88' lang='lat' dir='ltr'>medio</span> <span class='ocrx_word' id='word_1_24' title='bbox 1650 801 2026 864; x_wconf 81' lang='lat' dir='ltr'>armorum?</span> <span class='ocrx_word' id='word_1_25' title='bbox 2073 800 2153 865; x_wconf 90' lang='lat' dir='ltr'>de</span> <span class='ocrx_word' id='word_1_26' title='bbox 2186 797 2428 865; x_wconf 89' lang='lat' dir='ltr'>Phoebo</span> <span class='ocrx_word' id='word_1_27' title='bbox 2458 800 2525 864; x_wconf 90' lang='lat' dir='ltr'>in</span> 
     </span>
     <span class='ocr_line' id='line_1_5' title="bbox 198 902 2523 998; baseline 0.002 -31"><span class='ocrx_word' id='word_1_28' title='bbox 198 909 412 970; x_wconf 86' lang='lat' dir='ltr'>ventre</span> <span class='ocrx_word' id='word_1_29' title='bbox 461 902 736 968; x_wconf 83' lang='lat' dir='ltr'>Martis?</span> <span class='ocrx_word' id='word_1_30' title='bbox 798 902 879 969; x_wconf 92' lang='lat' dir='ltr'>de</span> <span class='ocrx_word' id='word_1_31' title='bbox 925 903 1235 972; x_wconf 90' lang='lat' dir='ltr'>Helicone</span> <span class='ocrx_word' id='word_1_32' title='bbox 1282 905 1347 998; x_wconf 84' lang='lat' dir='ltr'>in</span> <span class='ocrx_word' id='word_1_33' title='bbox 1394 907 1670 972; x_wconf 79' lang='lat' dir='ltr'>castris?</span> <span class='ocrx_word' id='word_1_34' title='bbox 1747 905 1894 971; x_wconf 84' lang='lat' dir='ltr'><strong>Dixi</strong></span> <span class='ocrx_word' id='word_1_35' title='bbox 1941 905 2201 992; x_wconf 88' lang='lat' dir='ltr'>quidem</span> <span class='ocrx_word' id='word_1_36' title='bbox 2259 925 2523 972; x_wconf 86' lang='lat' dir='ltr'>causam</span> 
     </span>
     <span class='ocr_line' id='line_1_6' title="bbox 194 1008 2524 1102; baseline 0.002 -30"><span class='ocrx_word' id='word_1_37' title='bbox 194 1015 397 1089; x_wconf 87' lang='lat' dir='ltr'>tuam,</span> <span class='ocrx_word' id='word_1_38' title='bbox 442 1009 540 1074; x_wconf 88' lang='lat' dir='ltr'>uti</span> <span class='ocrx_word' id='word_1_39' title='bbox 573 1008 862 1074; x_wconf 87' lang='lat' dir='ltr'>Venetiis</span> <span class='ocrx_word' id='word_1_40' title='bbox 895 1030 1115 1078; x_wconf 90' lang='lat' dir='ltr'>coram</span> <span class='ocrx_word' id='word_1_41' title='bbox 1148 1012 1411 1096; x_wconf 78' lang='lat' dir='ltr'>egimus,</span> <span class='ocrx_word' id='word_1_42' title='bbox 1458 1012 1621 1076; x_wconf 70' lang='grc' dir='ltr'>ἀλλὰ</span> <span class='ocrx_word' id='word_1_43' title='bbox 1661 1013 1724 1076; x_wconf 87' lang='grc' dir='ltr'>τί</span> <span class='ocrx_word' id='word_1_44' title='bbox 1765 1012 1893 1086; x_wconf 84' lang='grc' dir='ltr'><strong>ὄνος</strong></span> <span class='ocrx_word' id='word_1_45' title='bbox 1939 1013 2079 1102; x_wconf 83' lang='grc' dir='ltr'>πρὸς</span> <span class='ocrx_word' id='word_1_46' title='bbox 2119 1013 2332 1101; x_wconf 57' lang='lat' dir='ltr'>&gt;dapem</span> <span class='ocrx_word' id='word_1_47' title='bbox 2378 1009 2524 1078; x_wconf 87' lang='lat' dir='ltr'>Non</span> 
     </span>
     <span class='ocr_line' id='line_1_7' title="bbox 193 1113 2522 1203; baseline 0.001 -25"><span class='ocrx_word' id='word_1_48' title='bbox 193 1113 362 1180; x_wconf 86' lang='lat' dir='ltr'>defui</span> <span class='ocrx_word' id='word_1_49' title='bbox 396 1114 551 1200; x_wconf 90' lang='lat' dir='ltr'>quin</span> <span class='ocrx_word' id='word_1_50' title='bbox 594 1136 730 1180; x_wconf 88' lang='lat' dir='ltr'>rem</span> <span class='ocrx_word' id='word_1_51' title='bbox 779 1135 1030 1181; x_wconf 88' lang='lat' dir='ltr'>omnem</span> <span class='ocrx_word' id='word_1_52' title='bbox 1077 1116 1164 1182; x_wconf 93' lang='lat' dir='ltr'>ad</span> <span class='ocrx_word' id='word_1_53' title='bbox 1205 1117 1518 1202; x_wconf 89' lang='lat' dir='ltr'>quosdam</span> <span class='ocrx_word' id='word_1_54' title='bbox 1563 1117 1762 1184; x_wconf 83' lang='lat' dir='ltr'>etiam</span> <span class='ocrx_word' id='word_1_55' title='bbox 1813 1115 2039 1184; x_wconf 87' lang='lat' dir='ltr'>doctos</span> <span class='ocrx_word' id='word_1_56' title='bbox 2079 1116 2368 1184; x_wconf 82' lang='lat' dir='ltr'>deferem</span> <span class='ocrx_word' id='word_1_57' title='bbox 2408 1117 2522 1203; x_wconf 89' lang='lat' dir='ltr'>qui</span> 
     </span>
     <span class='ocr_line' id='line_1_8' title="bbox 192 1219 2523 1303; baseline 0.001 -18"><span class='ocrx_word' id='word_1_58' title='bbox 192 1219 310 1285; x_wconf 87' lang='lat' dir='ltr'>sibi</span> <span class='ocrx_word' id='word_1_59' title='bbox 338 1225 478 1285; x_wconf 88' lang='lat' dir='ltr'>tum</span> <span class='ocrx_word' id='word_1_60' title='bbox 514 1219 901 1286; x_wconf 87' lang='lat' dir='ltr'>videbantur</span> <span class='ocrx_word' id='word_1_61' title='bbox 932 1220 1244 1287; x_wconf 84' lang='lat' dir='ltr'>columnae</span> <span class='ocrx_word' id='word_1_62' title='bbox 1279 1243 1449 1303; x_wconf 90' lang='lat' dir='ltr'>esse,</span> <span class='ocrx_word' id='word_1_63' title='bbox 1499 1222 1613 1288; x_wconf 89' lang='lat' dir='ltr'>sed</span> <span class='ocrx_word' id='word_1_64' title='bbox 1665 1223 1838 1289; x_wconf 83' lang='lat' dir='ltr'>nosti</span> <span class='ocrx_word' id='word_1_65' title='bbox 1870 1223 2315 1290; x_wconf 84' lang='lat' dir='ltr'>Germaniam:</span> <span class='ocrx_word' id='word_1_66' title='bbox 2364 1244 2523 1288; x_wconf 91' lang='lat' dir='ltr'>nun-</span> 
     </span>
     <span class='ocr_line' id='line_1_9' title="bbox 192 1325 2519 1412; baseline 0 -20"><span class='ocrx_word' id='word_1_67' title='bbox 192 1348 377 1410; x_wconf 85' lang='lat' dir='ltr'>quam</span> <span class='ocrx_word' id='word_1_68' title='bbox 430 1325 625 1391; x_wconf 87' lang='lat' dir='ltr'>desiit</span> <span class='ocrx_word' id='word_1_69' title='bbox 674 1347 814 1392; x_wconf 88' lang='lat' dir='ltr'>esse</span> <span class='ocrx_word' id='word_1_70' title='bbox 864 1325 1063 1394; x_wconf 88' lang='lat' dir='ltr'>rudis.</span> <span class='ocrx_word' id='word_1_71' title='bbox 1142 1329 1231 1394; x_wconf 87' lang='lat' dir='ltr'>Mi</span> <span class='ocrx_word' id='word_1_72' title='bbox 1281 1329 1461 1410; x_wconf 85' lang='lat' dir='ltr'>Alde,</span> <span class='ocrx_word' id='word_1_73' title='bbox 1511 1329 1736 1412; x_wconf 88' lang='lat' dir='ltr'>paucis</span> <span class='ocrx_word' id='word_1_74' title='bbox 1768 1327 1962 1395; x_wconf 89' lang='lat' dir='ltr'>habe:</span> <span class='ocrx_word' id='word_1_75' title='bbox 2011 1351 2139 1395; x_wconf 91' lang='lat' dir='ltr'>non</span> <span class='ocrx_word' id='word_1_76' title='bbox 2185 1349 2405 1395; x_wconf 87' lang='lat' dir='ltr'>sumus</span> <span class='ocrx_word' id='word_1_77' title='bbox 2453 1335 2519 1393; x_wconf 88' lang='lat' dir='ltr'>te</span> 
     </span>
     <span class='ocr_line' id='line_1_10' title="bbox 191 1429 2519 1525; baseline 0.002 -31"><span class='ocrx_word' id='word_1_78' title='bbox 191 1431 375 1515; x_wconf 86' lang='lat' dir='ltr'>digni.</span> <span class='ocrx_word' id='word_1_79' title='bbox 456 1432 684 1516; x_wconf 85' lang='lat' dir='ltr'>Neque</span> <span class='ocrx_word' id='word_1_80' title='bbox 730 1439 947 1500; x_wconf 87' lang='lat' dir='ltr'>tamen</span> <span class='ocrx_word' id='word_1_81' title='bbox 1009 1441 1108 1502; x_wconf 90' lang='lat' dir='ltr'>est</span> <span class='ocrx_word' id='word_1_82' title='bbox 1152 1435 1407 1502; x_wconf 91' lang='lat' dir='ltr'>animus</span> <span class='ocrx_word' id='word_1_83' title='bbox 1463 1429 1767 1525; x_wconf 80' lang='lat' dir='ltr'>deinceps</span> <span class='ocrx_word' id='word_1_84' title='bbox 1836 1458 1876 1502; x_wconf 91' lang='lat' dir='ltr'>a</span> <span class='ocrx_word' id='word_1_85' title='bbox 1923 1436 2188 1520; x_wconf 83' lang='lat' dir='ltr'>negocio</span> <span class='ocrx_word' id='word_1_86' title='bbox 2242 1453 2519 1511; x_wconf 86' lang='lat' dir='ltr'>cessare,</span> 
     </span>
     <span class='ocr_line' id='line_1_11' title="bbox 188 1537 2518 1625; baseline 0.002 -23"><span class='ocrx_word' id='word_1_87' title='bbox 188 1559 327 1604; x_wconf 90' lang='lat' dir='ltr'>cum</span> <span class='ocrx_word' id='word_1_88' title='bbox 362 1537 588 1604; x_wconf 86' lang='lat' dir='ltr'>videro</span> <span class='ocrx_word' id='word_1_89' title='bbox 621 1539 933 1623; x_wconf 87' lang='lat' dir='ltr'>temporis</span> <span class='ocrx_word' id='word_1_90' title='bbox 964 1541 1541 1624; x_wconf 79' lang='lat' dir='ltr'>opportunitatem.</span> <span class='ocrx_word' id='word_1_91' title='bbox 1589 1540 1738 1607; x_wconf 85' lang='lat' dir='ltr'>Jam</span> <span class='ocrx_word' id='word_1_92' title='bbox 1771 1541 1941 1608; x_wconf 88' lang='lat' dir='ltr'>enim</span> <span class='ocrx_word' id='word_1_93' title='bbox 1971 1562 2088 1606; x_wconf 85' lang='lat' dir='ltr'>rex</span> <span class='ocrx_word' id='word_1_94' title='bbox 2117 1541 2326 1625; x_wconf 85' lang='lat' dir='ltr'>majus</span> <span class='ocrx_word' id='word_1_95' title='bbox 2357 1557 2518 1624; x_wconf 85' lang='lat' dir='ltr'>opus</span> 
     </span>
     <span class='ocr_line' id='line_1_12' title="bbox 186 1643 2517 1732; baseline 0.001 -26"><span class='ocrx_word' id='word_1_96' title='bbox 186 1651 415 1725; x_wconf 86' lang='lat' dir='ltr'>movet,</span> <span class='ocrx_word' id='word_1_97' title='bbox 438 1643 739 1730; x_wconf 80' lang='lat' dir='ltr'>ignobilis</span> <span class='ocrx_word' id='word_1_98' title='bbox 758 1645 1094 1730; x_wconf 83' lang='lat' dir='ltr'>cujusdam</span> <span class='ocrx_word' id='word_1_99' title='bbox 1116 1647 1285 1730; x_wconf 85' lang='lat' dir='ltr'>vulgi</span> <span class='ocrx_word' id='word_1_100' title='bbox 1310 1646 1511 1712; x_wconf 90' lang='lat' dir='ltr'>fluctu</span> <span class='ocrx_word' id='word_1_101' title='bbox 1537 1647 1722 1732; x_wconf 88' lang='lat' dir='ltr'>quasi</span> <span class='ocrx_word' id='word_1_102' title='bbox 1747 1647 2103 1712; x_wconf 86' lang='lat' dir='ltr'>decumano</span> <span class='ocrx_word' id='word_1_103' title='bbox 2123 1644 2460 1712; x_wconf 86' lang='lat' dir='ltr'>obruimur</span> <span class='ocrx_word' id='word_1_104' title='bbox 2477 1646 2517 1709; x_wconf 85' lang='lat'>².</span> 
     </span>
    </p>

    <p class='ocr_par' dir='ltr' id='par_1_4' title="bbox 174 1748 2518 2792">
     <span class='ocr_line' id='line_1_13' title="bbox 356 1748 2516 1819; baseline 0 -5"><span class='ocrx_word' id='word_1_105' title='bbox 356 1750 457 1815; x_wconf 87' lang='lat' dir='ltr'>De</span> <span class='ocrx_word' id='word_1_106' title='bbox 520 1748 756 1816; x_wconf 80' lang='lat' dir='ltr'>libellis</span> <span class='ocrx_word' id='word_1_107' title='bbox 816 1751 903 1816; x_wconf 91' lang='lat' dir='ltr'>ad</span> <span class='ocrx_word' id='word_1_108' title='bbox 964 1773 1065 1818; x_wconf 90' lang='lat' dir='ltr'>me</span> <span class='ocrx_word' id='word_1_109' title='bbox 1128 1753 1339 1819; x_wconf 87' lang='lat' dir='ltr'>missis</span> <span class='ocrx_word' id='word_1_110' title='bbox 1390 1754 1415 1792; x_wconf 81' lang='lat'>²</span> <span class='ocrx_word' id='word_1_111' title='bbox 1474 1753 1684 1819; x_wconf 89' lang='lat' dir='ltr'>habeo</span> <span class='ocrx_word' id='word_1_112' title='bbox 1747 1753 1866 1818; x_wconf 86' lang='lat' dir='ltr'>tibi</span> <span class='ocrx_word' id='word_1_113' title='bbox 1931 1752 2258 1818; x_wconf 86' lang='lat' dir='ltr'>relaturus</span> <span class='ocrx_word' id='word_1_114' title='bbox 2319 1749 2516 1816; x_wconf 87' lang='lat' dir='ltr'>etiam</span> 
     </span>
     <span class='ocr_line' id='line_1_14' title="bbox 183 1854 2516 1948; baseline 0.001 -30"><span class='ocrx_word' id='word_1_115' title='bbox 183 1862 400 1936; x_wconf 86' lang='lat' dir='ltr'>gratas</span> <span class='ocrx_word' id='word_1_116' title='bbox 449 1857 727 1948; x_wconf 63' lang='lat' dir='ltr'>gratias,</span> <span class='ocrx_word' id='word_1_117' title='bbox 776 1856 891 1922; x_wconf 91' lang='lat' dir='ltr'>sed</span> <span class='ocrx_word' id='word_1_118' title='bbox 938 1858 1046 1942; x_wconf 91' lang='lat' dir='ltr'>qui</span> <span class='ocrx_word' id='word_1_119' title='bbox 1096 1857 1384 1943; x_wconf 84' lang='lat' dir='ltr'>quotidie</span> <span class='ocrx_word' id='word_1_120' title='bbox 1432 1881 1550 1944; x_wconf 86' lang='lat' dir='ltr'>pro</span> <span class='ocrx_word' id='word_1_121' title='bbox 1599 1857 2120 1926; x_wconf 78' lang='lat' dir='ltr'>incumbentibus</span> <span class='ocrx_word' id='word_1_122' title='bbox 2167 1856 2299 1924; x_wconf 84' lang='lat' dir='ltr'>tuis</span> <span class='ocrx_word' id='word_1_123' title='bbox 2345 1854 2516 1922; x_wconf 82' lang='lat' dir='ltr'>curis</span> 
     </span>
     <span class='ocr_line' id='line_1_15' title="bbox 184 1961 2518 2062; baseline 0.001 -39"><span class='ocrx_word' id='word_1_124' title='bbox 184 1961 385 2027; x_wconf 89' lang='lat' dir='ltr'>multa</span> <span class='ocrx_word' id='word_1_125' title='bbox 448 1983 669 2028; x_wconf 87' lang='lat' dir='ltr'>versas</span> <span class='ocrx_word' id='word_1_126' title='bbox 730 1963 971 2062; x_wconf 78' lang='lat' dir='ltr'>animo,</span> <span class='ocrx_word' id='word_1_127' title='bbox 1044 1972 1221 2030; x_wconf 87' lang='lat' dir='ltr'>certe</span> <span class='ocrx_word' id='word_1_128' title='bbox 1284 1964 1530 2032; x_wconf 82' lang='lat' dir='ltr'>oblitus</span> <span class='ocrx_word' id='word_1_129' title='bbox 1589 1987 1659 2031; x_wconf 85' lang='lat' dir='ltr'>es</span> <span class='ocrx_word' id='word_1_130' title='bbox 1720 1964 2088 2031; x_wconf 83' lang='lat' dir='ltr'>defectuum</span> <span class='ocrx_word' id='word_1_131' title='bbox 2147 1961 2518 2030; x_wconf 82' lang='lat' dir='ltr'>Aristotelis</span> 
     </span>
     <span class='ocr_line' id='line_1_16' title="bbox 180 2067 2515 2156; baseline 0.001 -27"><span class='ocrx_word' id='word_1_132' title='bbox 180 2067 239 2131; x_wconf 89' lang='lat' dir='ltr'>in</span> <span class='ocrx_word' id='word_1_133' title='bbox 302 2068 539 2134; x_wconf 87' lang='lat' dir='ltr'>ultimo</span> <span class='ocrx_word' id='word_1_134' title='bbox 596 2068 919 2135; x_wconf 85' lang='lat' dir='ltr'>volumine</span> <span class='ocrx_word' id='word_1_135' title='bbox 981 2092 1143 2154; x_wconf 88' lang='lat' dir='ltr'>quos</span> <span class='ocrx_word' id='word_1_136' title='bbox 1206 2077 1279 2136; x_wconf 92' lang='lat' dir='ltr'>tu</span> <span class='ocrx_word' id='word_1_137' title='bbox 1338 2070 1496 2136; x_wconf 90' lang='lat' dir='ltr'>mihi</span> <span class='ocrx_word' id='word_1_138' title='bbox 1555 2070 1860 2156; x_wconf 87' lang='lat' dir='ltr'>supplere</span> <span class='ocrx_word' id='word_1_139' title='bbox 1919 2070 2344 2156; x_wconf 85' lang='lat' dir='ltr'>promiseras;</span> <span class='ocrx_word' id='word_1_140' title='bbox 2402 2068 2515 2134; x_wconf 76' lang='lat' dir='ltr'>eos</span> 
     </span>
     <span class='ocr_line' id='line_1_17' title="bbox 182 2172 2513 2261; baseline -0.001 -21"><span class='ocrx_word' id='word_1_141' title='bbox 182 2197 289 2242; x_wconf 87' lang='lat' dir='ltr'>oro</span> <span class='ocrx_word' id='word_1_142' title='bbox 334 2182 405 2242; x_wconf 91' lang='lat' dir='ltr'>te</span> <span class='ocrx_word' id='word_1_143' title='bbox 447 2175 865 2241; x_wconf 85' lang='lat' dir='ltr'>vehementer</span> <span class='ocrx_word' id='word_1_144' title='bbox 908 2175 1275 2261; x_wconf 63' lang='lat' dir='ltr'>bibliopolae</span> <span class='ocrx_word' id='word_1_145' title='bbox 1318 2177 1466 2242; x_wconf 92' lang='lat' dir='ltr'>huic</span> <span class='ocrx_word' id='word_1_146' title='bbox 1508 2182 1934 2259; x_wconf 82' lang='lat' dir='ltr'>cognomento</span> <span class='ocrx_word' id='word_1_147' title='bbox 1965 2177 2165 2244; x_wconf 84' lang='lat' dir='ltr'>Remo</span> <span class='ocrx_word' id='word_1_148' title='bbox 2189 2173 2213 2214; x_wconf 81' lang='lat'>⁸</span> <span class='ocrx_word' id='word_1_149' title='bbox 2256 2172 2513 2252; x_wconf 78' lang='lat' dir='ltr'>tradas3</span> 
     </span>
     <span class='ocr_line' id='line_1_18' title="bbox 178 2281 2514 2367; baseline -0.001 -21"><span class='ocrx_word' id='word_1_150' title='bbox 178 2282 479 2367; x_wconf 86' lang='lat' dir='ltr'>equidem</span> <span class='ocrx_word' id='word_1_151' title='bbox 540 2303 837 2347; x_wconf 89' lang='lat' dir='ltr'>mancum</span> <span class='ocrx_word' id='word_1_152' title='bbox 884 2287 952 2345; x_wconf 89' lang='lat' dir='ltr'>et</span> <span class='ocrx_word' id='word_1_153' title='bbox 1010 2302 1284 2366; x_wconf 86' lang='lat' dir='ltr'>egenum</span> <span class='ocrx_word' id='word_1_154' title='bbox 1330 2282 1658 2367; x_wconf 87' lang='lat' dir='ltr'>impendio</span> <span class='ocrx_word' id='word_1_155' title='bbox 1715 2304 1858 2347; x_wconf 91' lang='lat' dir='ltr'>meo</span> <span class='ocrx_word' id='word_1_156' title='bbox 1905 2301 2052 2349; x_wconf 90' lang='lat' dir='ltr'>cum</span> <span class='ocrx_word' id='word_1_157' title='bbox 2099 2281 2350 2364; x_wconf 82' lang='lat' dir='ltr'>integro</span> <span class='ocrx_word' id='word_1_158' title='bbox 2397 2298 2514 2344; x_wconf 90' lang='lat' dir='ltr'>suo</span> 
     </span>
     <span class='ocr_line' id='line_1_19' title="bbox 177 2382 2516 2476; baseline -0.002 -23"><span class='ocrx_word' id='word_1_159' title='bbox 177 2388 584 2456; x_wconf 84' lang='lat' dir='ltr'>commutavi.</span> <span class='ocrx_word' id='word_1_160' title='bbox 664 2388 878 2476; x_wconf 78' lang='lat' dir='ltr'>thue</span> <span class='ocrx_word' id='word_1_161' title='bbox 910 2387 1345 2453; x_wconf 83' lang='lat' dir='ltr'>reminiscaris</span> <span class='ocrx_word' id='word_1_162' title='bbox 1377 2389 1488 2474; x_wconf 91' lang='lat' dir='ltr'>qui</span> <span class='ocrx_word' id='word_1_163' title='bbox 1521 2389 1650 2453; x_wconf 91' lang='lat' dir='ltr'>sint</span> <span class='ocrx_word' id='word_1_164' title='bbox 1681 2385 1987 2468; x_wconf 86' lang='lat' dir='ltr'>defectus,</span> <span class='ocrx_word' id='word_1_165' title='bbox 2020 2382 2516 2470; x_wconf 75' lang='lat' dir='ltr'>chirographum</span> 
     </span>
     <span class='ocr_line' id='line_1_20' title="bbox 176 2491 2516 2578; baseline -0.001 -20"><span class='ocrx_word' id='word_1_166' title='bbox 176 2501 353 2560; x_wconf 86' lang='lat' dir='ltr'>tuum</span> <span class='ocrx_word' id='word_1_167' title='bbox 389 2494 546 2560; x_wconf 91' lang='lat' dir='ltr'>huic</span> <span class='ocrx_word' id='word_1_168' title='bbox 578 2492 868 2577; x_wconf 76' lang='lat' dir='ltr'>epistolae</span> <span class='ocrx_word' id='word_1_169' title='bbox 900 2491 1168 2577; x_wconf 82' lang='lat' dir='ltr'>adjunxi</span> <span class='ocrx_word' id='word_1_170' title='bbox 1188 2491 1230 2557; x_wconf 81' lang='lat'>⁴.</span> <span class='ocrx_word' id='word_1_171' title='bbox 1297 2493 1393 2559; x_wconf 92' lang='lat' dir='ltr'>Tu</span> <span class='ocrx_word' id='word_1_172' title='bbox 1434 2515 1538 2558; x_wconf 89' lang='lat' dir='ltr'>me</span> <span class='ocrx_word' id='word_1_173' title='bbox 1581 2514 1777 2578; x_wconf 86' lang='lat' dir='ltr'>quam</span> <span class='ocrx_word' id='word_1_174' title='bbox 1819 2491 2516 2560; x_wconf 81' lang='lat' dir='ltr'>commendatissimum</span> 
     </span>
     <span class='ocr_line' id='line_1_21' title="bbox 174 2595 2516 2684; baseline -0.002 -20"><span class='ocrx_word' id='word_1_175' title='bbox 174 2598 418 2666; x_wconf 86' lang='lat' dir='ltr'>habeas</span> <span class='ocrx_word' id='word_1_176' title='bbox 455 2607 526 2666; x_wconf 86' lang='lat' dir='ltr'>et</span> <span class='ocrx_word' id='word_1_177' title='bbox 558 2599 777 2664; x_wconf 87' lang='lat' dir='ltr'>valeas</span> <span class='ocrx_word' id='word_1_178' title='bbox 819 2597 1097 2664; x_wconf 85' lang='lat' dir='ltr'>feliciter</span> <span class='ocrx_word' id='word_1_179' title='bbox 1135 2604 1310 2684; x_wconf 86' lang='lat' dir='ltr'>opto.</span> <span class='ocrx_word' id='word_1_180' title='bbox 1387 2599 1487 2664; x_wconf 87' lang='lat' dir='ltr'>Ex</span> <span class='ocrx_word' id='word_1_181' title='bbox 1518 2598 1972 2682; x_wconf 81' lang='lat' dir='ltr'>Heydelberga</span> <span class='ocrx_word' id='word_1_182' title='bbox 2001 2597 2281 2663; x_wconf 88' lang='lat' dir='ltr'>Palatini</span> <span class='ocrx_word' id='word_1_183' title='bbox 2310 2595 2516 2662; x_wconf 86' lang='lat' dir='ltr'>Rheni</span> 
     </span>
     <span class='ocr_line' id='line_1_22' title="bbox 177 2702 2513 2827; baseline 0.002 -59"><span class='ocrx_word' id='word_1_184' title='bbox 177 2711 211 2768; x_wconf 86' lang='grc'>9</span> <span class='ocrx_word' id='word_1_185' title='bbox 242 2704 371 2772; x_wconf 83' lang='lat' dir='ltr'>kal.</span> <span class='ocrx_word' id='word_1_186' title='bbox 411 2706 623 2827; x_wconf 85' lang='lat' dir='ltr'>majas</span> <span class='ocrx_word' id='word_1_187' title='bbox 655 2705 832 2788; x_wconf 89' lang='lat' dir='ltr'>(nam</span> <span class='ocrx_word' id='word_1_188' title='bbox 865 2711 992 2770; x_wconf 84' lang='lat' dir='ltr'>tuae</span> <span class='ocrx_word' id='word_1_189' title='bbox 1025 2704 1108 2770; x_wconf 91' lang='lat' dir='ltr'>ad</span> <span class='ocrx_word' id='word_1_190' title='bbox 1142 2725 1243 2769; x_wconf 90' lang='lat' dir='ltr'>me</span> <span class='ocrx_word' id='word_1_191' title='bbox 1275 2709 1596 2770; x_wconf 85' lang='lat' dir='ltr'>venerunt</span> <span class='ocrx_word' id='word_1_192' title='bbox 1641 2711 1674 2768; x_wconf 88' lang='grc'><strong>7</strong></span> <span class='ocrx_word' id='word_1_193' title='bbox 1709 2702 1836 2769; x_wconf 86' lang='lat' dir='ltr'>kal.</span> <span class='ocrx_word' id='word_1_194' title='bbox 1869 2725 2005 2788; x_wconf 87' lang='lat' dir='ltr'>apr.</span> <span class='ocrx_word' id='word_1_195' title='bbox 2039 2702 2064 2742; x_wconf 85' lang='lat'>⁵</span> <span class='ocrx_word' id='word_1_196' title='bbox 2122 2722 2290 2768; x_wconf 91' lang='lat' dir='ltr'>anno</span> <span class='ocrx_word' id='word_1_197' title='bbox 2330 2703 2513 2772; x_wconf 76' lang='lat'>1499.</span> 
     </span>
    </p>

    <p class='ocr_par' dir='ltr' id='par_1_5' title="bbox 919 2805 2423 2893">
     <span class='ocr_line' id='line_1_23' title="bbox 919 2805 2423 2893; baseline -0.002 -18"><span class='ocrx_word' id='word_1_198' title='bbox 919 2810 1203 2876; x_wconf 88' lang='lat' dir='ltr'>Joannes</span> <span class='ocrx_word' id='word_1_199' title='bbox 1250 2808 1562 2874; x_wconf 85' lang='lat' dir='ltr'>Reuchlin</span> <span class='ocrx_word' id='word_1_200' title='bbox 1613 2807 2018 2893; x_wconf 86' lang='lat' dir='ltr'>phorcensis,</span> <span class='ocrx_word' id='word_1_201' title='bbox 2067 2807 2131 2873; x_wconf 91' lang='lat' dir='ltr'>ll.</span> <span class='ocrx_word' id='word_1_202' title='bbox 2180 2805 2423 2873; x_wconf 86' lang='lat' dir='ltr'>doctor.</span> 
     </span>
    </p>

    <p class='ocr_par' dir='ltr' id='par_1_6' title="bbox 349 2915 2528 2996">
     <span class='ocr_line' id='line_1_24' title="bbox 349 2915 2528 2996; baseline -0.002 -15"><span class='ocrx_word' id='word_1_203' title='bbox 349 2922 717 2996; x_wconf 83' lang='lat' dir='ltr'>Autograph,</span> <span class='ocrx_word' id='word_1_204' title='bbox 751 2921 885 2980; x_wconf 86' lang='lat' dir='ltr'>sehr</span> <span class='ocrx_word' id='word_1_205' title='bbox 916 2926 1017 2994; x_wconf 80' lang='lat' dir='ltr'>gut</span> <span class='ocrx_word' id='word_1_206' title='bbox 1047 2919 1373 2979; x_wconf 85' lang='lat' dir='ltr'>erhaltenes</span> <span class='ocrx_word' id='word_1_207' title='bbox 1404 2918 1711 2992; x_wconf 81' lang='lat' dir='ltr'>folioblatt,</span> <span class='ocrx_word' id='word_1_208' title='bbox 1744 2917 1892 2977; x_wconf 89' lang='lat' dir='ltr'>ohne</span> <span class='ocrx_word' id='word_1_209' title='bbox 1925 2917 2121 2990; x_wconf 83' lang='lat' dir='ltr'>siegel.</span> <span class='ocrx_word' id='word_1_210' title='bbox 2197 2915 2528 2976; x_wconf 76' lang='lat' dir='ltr'>Biblioteca</span> 
     </span>
    </p>
   </div>
   <div class='ocr_carea' id='block_1_3' title="bbox 172 3023 1391 3106">
    <p class='ocr_par' dir='ltr' id='par_1_7' title="bbox 172 3023 1391 3106">
     <span class='ocr_line' id='line_1_25' title="bbox 172 3023 1391 3106; baseline 0 -21"><span class='ocrx_word' id='word_1_211' title='bbox 172 3029 571 3106; x_wconf 86' lang='lat' dir='ltr'>ambrosiana,</span> <span class='ocrx_word' id='word_1_212' title='bbox 626 3025 751 3086; x_wconf 91' lang='lat' dir='ltr'>cod.</span> <span class='ocrx_word' id='word_1_213' title='bbox 790 3027 837 3087; x_wconf 85' lang='grc' dir='ltr'><strong>Ε</strong></span> <span class='ocrx_word' id='word_1_214' title='bbox 872 3029 951 3085; x_wconf 89' lang='grc'>36</span> <span class='ocrx_word' id='word_1_215' title='bbox 986 3023 1111 3100; x_wconf 65' lang='lat' dir='ltr'>inf„</span> <span class='ocrx_word' id='word_1_216' title='bbox 1148 3025 1249 3084; x_wconf 87' lang='lat' dir='ltr'>fol.</span> <span class='ocrx_word' id='word_1_217' title='bbox 1293 3025 1391 3085; x_wconf 87' lang='lat'>18.</span> 
     </span>
    </p>
   </div>
   <div class='ocr_carea' id='block_1_4' title="bbox 311 3213 2444 3378">
    <p class='ocr_par' dir='ltr' id='par_1_8' title="bbox 311 3213 2444 3378">
     <span class='ocr_line' id='line_1_26' title="bbox 1188 3213 1505 3283; baseline -0.003 -2"><span class='ocrx_word' id='word_1_218' title='bbox 1188 3213 1505 3283; x_wconf 71' lang='lat' dir='ltr'>Lxx1va.</span> 
     </span>
     <span class='ocr_line' id='line_1_27' title="bbox 311 3303 2444 3378; baseline -0.009 -5"><span class='ocrx_word' id='word_1_219' title='bbox 311 3308 383 3376; x_wconf 86' lang='lat'>(‘?)</span> <span class='ocrx_word' id='word_1_220' title='bbox 412 3371 424 3378; x_wconf 84' lang='grc'>,</span> <span class='ocrx_word' id='word_1_221' title='bbox 1693 3303 1700 3310; x_wconf 82' lang='grc'><strong><em>’</em></strong></span> <span class='ocrx_word' id='word_1_222' title='bbox 2221 3303 2444 3372; x_wconf 63' lang='grc' dir='ltr'><strong>(ιῡοον)</strong></span> 
     </span>
    </p>
   </div>
   <div class='ocr_carea' id='block_1_5' title="bbox 257 3389 2430 3494">
    <p class='ocr_par' dir='ltr' id='par_1_9' title="bbox 257 3389 2430 3494">
     <span class='ocr_line' id='line_1_28' title="bbox 257 3389 2430 3494; baseline -0.003 -22"><span class='ocrx_word' id='word_1_223' title='bbox 257 3397 311 3472; x_wconf 87' lang='lat' dir='ltr'>J</span> <span class='ocrx_word' id='word_1_224' title='bbox 314 3421 601 3472; x_wconf 85' lang='lat' dir='ltr'>oannes</span> <span class='ocrx_word' id='word_1_225' title='bbox 638 3391 1027 3490; x_wconf 87' lang='lat' dir='ltr'>Reuchlin‚</span> <span class='ocrx_word' id='word_1_226' title='bbox 1068 3393 1145 3468; x_wconf 92' lang='lat' dir='ltr'>in</span> <span class='ocrx_word' id='word_1_227' title='bbox 1184 3390 1814 3494; x_wconf 85' lang='lat' dir='ltr'>metamorphosin</span> <span class='ocrx_word' id='word_1_228' title='bbox 1851 3391 2050 3480; x_wconf 78' lang='lat' dir='ltr'>Petri</span> <span class='ocrx_word' id='word_1_229' title='bbox 2087 3389 2430 3476; x_wconf 82' lang='lat' dir='ltr'>Bolandi.</span> 
     </span>
    </p>
   </div>
   <div class='ocr_carea' id='block_1_6' title="bbox 503 3549 1766 3616">
    <p class='ocr_par' dir='ltr' id='par_1_10' title="bbox 503 3549 1766 3616">
     <span class='ocr_line' id='line_1_29' title="bbox 503 3549 1766 3616; baseline -0.002 -13"><span class='ocrx_word' id='word_1_230' title='bbox 503 3551 791 3603; x_wconf 76' lang='lat' dir='ltr'>Hesiodum</span> <span class='ocrx_word' id='word_1_231' title='bbox 829 3549 1094 3616; x_wconf 80' lang='lat' dir='ltr'>quondam</span> <span class='ocrx_word' id='word_1_232' title='bbox 1132 3549 1301 3600; x_wconf 64' lang='lat' dir='ltr'>Musa</span> <span class='ocrx_word' id='word_1_233' title='bbox 1336 3550 1507 3601; x_wconf 74' lang='lat' dir='ltr'>secere</span> <span class='ocrx_word' id='word_1_234' title='bbox 1541 3555 1766 3616; x_wconf 78' lang='lat' dir='ltr'>poetam,</span> 
     </span>
    </p>
   </div>
   <div class='ocr_carea' id='block_1_7' title="bbox 604 3636 1706 3704">
    <p class='ocr_par' dir='ltr' id='par_1_11' title="bbox 604 3636 1706 3704">
     <span class='ocr_line' id='line_1_30' title="bbox 604 3636 1706 3704; baseline -0.002 -14"><span class='ocrx_word' id='word_1_235' title='bbox 604 3638 706 3703; x_wconf 79' lang='lat' dir='ltr'>Qui</span> <span class='ocrx_word' id='word_1_236' title='bbox 744 3639 859 3691; x_wconf 79' lang='lat' dir='ltr'>sine</span> <span class='ocrx_word' id='word_1_237' title='bbox 893 3637 1135 3690; x_wconf 84' lang='lat' dir='ltr'>doctrina</span> <span class='ocrx_word' id='word_1_238' title='bbox 1170 3644 1351 3704; x_wconf 77' lang='lat' dir='ltr'>pastor</span> <span class='ocrx_word' id='word_1_239' title='bbox 1389 3636 1547 3688; x_wconf 78' lang='lat' dir='ltr'>ovilis</span> <span class='ocrx_word' id='word_1_240' title='bbox 1581 3643 1706 3688; x_wconf 72' lang='lat' dir='ltr'>erat.</span> 
     </span>
    </p>
   </div>
   <div class='ocr_carea' id='block_1_8' title="bbox 322 3737 2519 3864">
    <p class='ocr_par' dir='ltr' id='par_1_12' title="bbox 322 3737 2519 3864">
     <span class='ocr_line' id='line_1_31' title="bbox 322 3737 2519 3864; baseline -0.002 -11"><span class='ocrx_word' id='word_1_241' title='bbox 322 3807 343 3853; x_wconf 83' lang='lat'>1</span> <span class='ocrx_word' id='word_1_242' title='bbox 395 3803 503 3853; x_wconf 85' lang='lat' dir='ltr'>Die</span> <span class='ocrx_word' id='word_1_243' title='bbox 540 3801 845 3852; x_wconf 72' lang='lat' dir='ltr'>Schweiaer.</span> <span class='ocrx_word' id='word_1_244' title='bbox 917 3799 1009 3850; x_wconf 75' lang='lat'>1012</span> <span class='ocrx_word' id='word_1_245' title='bbox 1054 3799 1187 3850; x_wconf 79' lang='lat' dir='ltr'>habe</span> <span class='ocrx_word' id='word_1_246' title='bbox 1232 3737 1401 3850; x_wconf 54' lang='lat' dir='ltr'>schtn</span> <span class='ocrx_word' id='word_1_247' title='bbox 1444 3798 1504 3848; x_wconf 87' lang='lat' dir='ltr'>in</span> <span class='ocrx_word' id='word_1_248' title='bbox 1553 3796 1644 3848; x_wconf 86' lang='lat' dir='ltr'>der</span> <span class='ocrx_word' id='word_1_249' title='bbox 1681 3796 1816 3848; x_wconf 83' lang='lat' dir='ltr'>oben</span> <span class='ocrx_word' id='word_1_250' title='bbox 1851 3795 2139 3849; x_wconf 71' lang='lat' dir='ltr'>berfihrten</span> <span class='ocrx_word' id='word_1_251' title='bbox 2175 3760 2519 3864; x_wconf 70' lang='lat' dir='ltr'>abhandlung</span> 
     </span>
    </p>
   </div>
   <div class='ocr_carea' id='block_1_9' title="bbox 166 3882 2524 4478">
    <p class='ocr_par' dir='ltr' id='par_1_13' title="bbox 166 3882 2524 4478">
     <span class='ocr_line' id='line_1_32' title="bbox 170 3882 2518 3954; baseline -0 -17"><span class='ocrx_word' id='word_1_252' title='bbox 170 3889 364 3941; x_wconf 70' lang='lat' dir='ltr'>darauf</span> <span class='ocrx_word' id='word_1_253' title='bbox 404 3889 767 3940; x_wconf 72' lang='lat' dir='ltr'>aufmerksam</span> <span class='ocrx_word' id='word_1_254' title='bbox 814 3887 1079 3954; x_wconf 79' lang='lat' dir='ltr'>gemacht,</span> <span class='ocrx_word' id='word_1_255' title='bbox 1128 3887 1249 3938; x_wconf 78' lang='lat' dir='ltr'>dass</span> <span class='ocrx_word' id='word_1_256' title='bbox 1293 3885 1554 3938; x_wconf 83' lang='lat' dir='ltr'>Reuehlin</span> <span class='ocrx_word' id='word_1_257' title='bbox 1599 3885 1684 3936; x_wconf 87' lang='lat' dir='ltr'>die</span> <span class='ocrx_word' id='word_1_258' title='bbox 1727 3885 2118 3952; x_wconf 73' lang='lat' dir='ltr'>misstimmung</span> <span class='ocrx_word' id='word_1_259' title='bbox 2162 3883 2252 3936; x_wconf 83' lang='lat' dir='ltr'>der</span> <span class='ocrx_word' id='word_1_260' title='bbox 2293 3882 2518 3951; x_wconf 72' lang='lat' dir='ltr'>iibrigen</span> 
     </span>
     <span class='ocr_line' id='line_1_33' title="bbox 169 3969 2518 4044; baseline -0.002 -18"><span class='ocrx_word' id='word_1_261' title='bbox 169 3978 518 4030; x_wconf 80' lang='lat' dir='ltr'>humanieten</span> <span class='ocrx_word' id='word_1_262' title='bbox 565 3991 729 4044; x_wconf 79' lang='lat' dir='ltr'>gegen</span> <span class='ocrx_word' id='word_1_263' title='bbox 768 3976 853 4026; x_wconf 86' lang='lat' dir='ltr'>die</span> <span class='ocrx_word' id='word_1_264' title='bbox 890 3974 1178 4027; x_wconf 83' lang='lat' dir='ltr'>Schweizer</span> <span class='ocrx_word' id='word_1_265' title='bbox 1213 3975 1385 4026; x_wconf 81' lang='lat' dir='ltr'>theilt.</span> <span class='ocrx_word' id='word_1_266' title='bbox 1521 3978 1550 4024; x_wconf 82' lang='lat'>2</span> <span class='ocrx_word' id='word_1_267' title='bbox 1590 3972 1804 4038; x_wconf 84' lang='lat' dir='ltr'>Welche</span> <span class='ocrx_word' id='word_1_268' title='bbox 1840 3972 2034 4024; x_wconf 72' lang='lat' dir='ltr'>biicher</span> <span class='ocrx_word' id='word_1_269' title='bbox 2071 3971 2181 4024; x_wconf 73' lang='lat' dir='ltr'>die·</span> <span class='ocrx_word' id='word_1_270' title='bbox 2217 3986 2407 4033; x_wconf 79' lang='lat' dir='ltr'>waren,</span> <span class='ocrx_word' id='word_1_271' title='bbox 2445 3969 2518 4022; x_wconf 77' lang='lat' dir='ltr'>ist</span> 
     </span>
     <span class='ocr_line' id='line_1_34' title="bbox 170 4056 2518 4116; baseline -0.002 -2"><span class='ocrx_word' id='word_1_272' title='bbox 170 4065 321 4116; x_wconf 75' lang='lat' dir='ltr'>nieht</span> <span class='ocrx_word' id='word_1_273' title='bbox 368 4064 632 4116; x_wconf 71' lang='lat' dir='ltr'>bekannt.</span> <span class='ocrx_word' id='word_1_274' title='bbox 706 4062 1069 4114; x_wconf 83' lang='lat' dir='ltr'>Vermuthlich</span> <span class='ocrx_word' id='word_1_275' title='bbox 1120 4062 1211 4113; x_wconf 84' lang='lat' dir='ltr'>hat</span> <span class='ocrx_word' id='word_1_276' title='bbox 1248 4061 1415 4114; x_wconf 78' lang='lat' dir='ltr'>Aldus</span> <span class='ocrx_word' id='word_1_277' title='bbox 1468 4062 1554 4114; x_wconf 87' lang='lat' dir='ltr'>die</span> <span class='ocrx_word' id='word_1_278' title='bbox 1602 4060 1732 4112; x_wconf 83' lang='lat' dir='ltr'>bitte</span> <span class='ocrx_word' id='word_1_279' title='bbox 1779 4059 1831 4111; x_wconf 89' lang='lat' dir='ltr'>in</span> <span class='ocrx_word' id='word_1_280' title='bbox 1880 4060 2070 4112; x_wconf 82' lang='lat' dir='ltr'>betreff</span> <span class='ocrx_word' id='word_1_281' title='bbox 2112 4059 2204 4110; x_wconf 83' lang='lat' dir='ltr'>der</span> <span class='ocrx_word' id='word_1_282' title='bbox 2239 4056 2518 4111; x_wconf 74' lang='lat' dir='ltr'>fehlenden</span> 
     </span>
     <span class='ocr_line' id='line_1_35' title="bbox 168 4145 2518 4217; baseline -0.002 -15"><span class='ocrx_word' id='word_1_283' title='bbox 168 4153 365 4204; x_wconf 64' lang='lat' dir='ltr'>blatner</span> <span class='ocrx_word' id='word_1_284' title='bbox 412 4153 513 4203; x_wconf 80' lang='lat' dir='ltr'>dee</span> <span class='ocrx_word' id='word_1_285' title='bbox 557 4151 862 4202; x_wconf 69' lang='lat' dir='ltr'>Aristoteles</span> <span class='ocrx_word' id='word_1_286' title='bbox 908 4151 1118 4212; x_wconf 70' lang='lat' dir='ltr'>erft&#39;illt3</span> <span class='ocrx_word' id='word_1_287' title='bbox 1170 4155 1345 4217; x_wconf 60' lang='lat' dir='ltr'>spater</span> <span class='ocrx_word' id='word_1_288' title='bbox 1394 4149 1624 4202; x_wconf 79' lang='lat' dir='ltr'>schreibt</span> <span class='ocrx_word' id='word_1_289' title='bbox 1661 4164 1740 4200; x_wconf 67' lang='lat' dir='ltr'>ers</span> <span class='ocrx_word' id='word_1_290' title='bbox 1797 4163 1956 4215; x_wconf 73' lang='lat' dir='ltr'>opera</span> <span class='ocrx_word' id='word_1_291' title='bbox 1993 4145 2294 4200; x_wconf 71' lang='lat' dir='ltr'>Aristotelis</span> <span class='ocrx_word' id='word_1_292' title='bbox 2329 4160 2449 4213; x_wconf 68' lang='lat' dir='ltr'>qu·</span> <span class='ocrx_word' id='word_1_293' title='bbox 2483 4161 2518 4196; x_wconf 71' lang='lat' dir='ltr'>a</span> 
     </span>
     <span class='ocr_line' id='line_1_36' title="bbox 168 4231 2514 4307; baseline -0.001 -19"><span class='ocrx_word' id='word_1_294' title='bbox 168 4241 323 4292; x_wconf 78' lang='lat' dir='ltr'>nobis</span> <span class='ocrx_word' id='word_1_295' title='bbox 362 4257 585 4307; x_wconf 83' lang='lat' dir='ltr'>quoque</span> <span class='ocrx_word' id='word_1_296' title='bbox 622 4241 781 4292; x_wconf 74' lang='lat' dir='ltr'>habes</span> <span class='ocrx_word' id='word_1_297' title='bbox 820 4239 957 4292; x_wconf 80' lang='lat' dir='ltr'>oben</span> <span class='ocrx_word' id='word_1_298' title='bbox 992 4255 1034 4290; x_wconf 78' lang='lat' dir='ltr'>s.</span> <span class='ocrx_word' id='word_1_299' title='bbox 1076 4243 1162 4290; x_wconf 78' lang='lat'>⁹27.</span> <span class='ocrx_word' id='word_1_300' title='bbox 1298 4240 1329 4290; x_wconf 82' lang='lat'>3</span> <span class='ocrx_word' id='word_1_301' title='bbox 1366 4238 1472 4289; x_wconf 82' lang='lat' dir='ltr'>Mir</span> <span class='ocrx_word' id='word_1_302' title='bbox 1509 4237 1584 4290; x_wconf 76' lang='lat' dir='ltr'>iet</span> <span class='ocrx_word' id='word_1_303' title='bbox 1617 4235 1784 4288; x_wconf 77' lang='lat' dir='ltr'>dieser</span> <span class='ocrx_word' id='word_1_304' title='bbox 1821 4235 2200 4297; x_wconf 71' lang='lat' dir='ltr'>buchhltndler,</span> <span class='ocrx_word' id='word_1_305' title='bbox 2239 4231 2330 4286; x_wconf 82' lang='lat' dir='ltr'>der</span> <span class='ocrx_word' id='word_1_306' title='bbox 2365 4241 2514 4286; x_wconf 69' lang='lat' dir='ltr'>sonet</span> 
     </span>
     <span class='ocr_line' id='line_1_37' title="bbox 171 4319 2524 4391; baseline -0.002 -13"><span class='ocrx_word' id='word_1_307' title='bbox 171 4345 277 4379; x_wconf 75' lang='lat' dir='ltr'>von</span> <span class='ocrx_word' id='word_1_308' title='bbox 296 4327 602 4380; x_wconf 77' lang='lat' dir='ltr'>··Reuchlin</span> <span class='ocrx_word' id='word_1_309' title='bbox 650 4328 801 4378; x_wconf 80' lang='lat' dir='ltr'>nicht</span> <span class='ocrx_word' id='word_1_310' title='bbox 850 4326 1085 4378; x_wconf 58' lang='lat' dir='ltr'>erwuhnt</span> <span class='ocrx_word' id='word_1_311' title='bbox 1135 4327 1281 4389; x_wconf 65' lang='lat' dir='ltr'>vird,</span> <span class='ocrx_word' id='word_1_312' title='bbox 1338 4325 1664 4378; x_wconf 78' lang='lat' dir='ltr'>unbekannt.</span> <span class='ocrx_word' id='word_1_313' title='bbox 1823 4329 1858 4374; x_wconf 78' lang='lat'>4</span> <span class='ocrx_word' id='word_1_314' title='bbox 1905 4321 2062 4391; x_wconf 82' lang='lat' dir='ltr'>Liegt</span> <span class='ocrx_word' id='word_1_315' title='bbox 2109 4320 2376 4377; x_wconf 77' lang='lat' dir='ltr'>uatiirlich</span> <span class='ocrx_word' id='word_1_316' title='bbox 2425 4319 2524 4376; x_wconf 71' lang='lat' dir='ltr'>der.</span> 
     </span>
     <span class='ocr_line' id='line_1_38' title="bbox 166 4407 2512 4478; baseline -0.002 -13"><span class='ocrx_word' id='word_1_317' title='bbox 166 4415 524 4478; x_wconf 65' lang='lat' dir='ltr'>hand-christ</span> <span class='ocrx_word' id='word_1_318' title='bbox 540 4415 703 4469; x_wconf 68' lang='lat' dir='ltr'>nicht</span> <span class='ocrx_word' id='word_1_319' title='bbox 735 4416 837 4468; x_wconf 83' lang='lat' dir='ltr'>bei.</span> <span class='ocrx_word' id='word_1_320' title='bbox 947 4419 979 4467; x_wconf 81' lang='lat'><strong>5</strong></span> <span class='ocrx_word' id='word_1_321' title='bbox 1020 4415 1201 4467; x_wconf 78' lang='lat' dir='ltr'>Dieeet</span> <span class='ocrx_word' id='word_1_322' title='bbox 1231 4413 1373 4468; x_wconf 81' lang='lat' dir='ltr'>brief</span> <span class='ocrx_word' id='word_1_323' title='bbox 1405 4413 1496 4465; x_wconf 80' lang='lat' dir='ltr'>des</span> <span class='ocrx_word' id='word_1_324' title='bbox 1523 4414 1690 4464; x_wconf 83' lang='lat' dir='ltr'>Aldus</span> <span class='ocrx_word' id='word_1_325' title='bbox 1725 4413 1794 4464; x_wconf 84' lang='lat' dir='ltr'>ist</span> <span class='ocrx_word' id='word_1_326' title='bbox 1831 4411 2198 4477; x_wconf 70' lang='lat' dir='ltr'>ehensowenig</span> <span class='ocrx_word' id='word_1_327' title='bbox 2235 4409 2332 4462; x_wconf 78' lang='lat' dir='ltr'>wie</span> <span class='ocrx_word' id='word_1_328' title='bbox 2367 4407 2512 4468; x_wconf 67' lang='lat' dir='ltr'>aeine</span> 
     </span>
    </p>
   </div>
   <div class='ocr_carea' id='block_1_10' title="bbox 169 4502 1254 4572">
    <p class='ocr_par' dir='ltr' id='par_1_14' title="bbox 169 4502 1254 4572">
     <span class='ocr_line' id='line_1_39' title="bbox 169 4502 1254 4572; baseline -0.001 -19"><span class='ocrx_word' id='word_1_329' title='bbox 169 4511 406 4557; x_wconf 78' lang='lat' dir='ltr'>antwort</span> <span class='ocrx_word' id='word_1_330' title='bbox 444 4505 551 4555; x_wconf 81' lang='lat' dir='ltr'>auf</span> <span class='ocrx_word' id='word_1_331' title='bbox 579 4505 677 4556; x_wconf 88' lang='lat' dir='ltr'>den</span> <span class='ocrx_word' id='word_1_332' title='bbox 715 4506 979 4572; x_wconf 79' lang='lat' dir='ltr'>nnerigen</span> <span class='ocrx_word' id='word_1_333' title='bbox 1006 4502 1254 4556; x_wconf 80' lang='lat' dir='ltr'>erhalten.</span> 
     </span>
    </p>
   </div>
   <div class='ocr_carea' id='block_1_11' title="bbox 2021 4590 2094 4649">
    <p class='ocr_par' dir='ltr' id='par_1_15' title="bbox 2021 4590 2094 4649">
     <span class='ocr_line' id='line_1_40' title="bbox 2021 4590 2094 4649; baseline -0.014 0"><span class='ocrx_word' id='word_1_334' title='bbox 2021 4590 2094 4649; x_wconf 82' lang='lat'>23</span> 
     </span>
    </p>
   </div>
   <div class='ocr_carea' id='block_1_12' title="bbox 224 4621 535 4664">
    <p class='ocr_par' dir='ltr' id='par_1_16' title="bbox 224 4621 535 4664">
     <span class='ocr_line' id='line_1_41' title="bbox 224 4621 535 4664; baseline -0.01 -2"><span class='ocrx_word' id='word_1_335' title='bbox 224 4621 489 4664; x_wconf 77' lang='lat' dir='ltr'>Reuchli</span> <span class='ocrx_word' id='word_1_336' title='bbox 502 4632 535 4660; x_wconf 85' lang='grc' dir='ltr'>ιι</span> 
     </span>
    </p>
   </div>
  </div>
 </body>
</html>
