2950 5042
1278 398 1406 466 123

1234 604 1423 674 CXV.

332 713 609 781 Tfibingen.
1981 724 2044 773 19
2083 721 2232 773 Mun
2274 722 2428 775 1510.

491 804 545 879 J
545 830 823 881 oannes
876 805 1243 885 Reuchlin
1296 807 1614 885 Nicolao
1668 806 2048 909 Ellenbog
2100 809 2174 886 S.

358 942 753 1011 Venerabilis
828 944 1041 1011 Pater.
1156 946 1473 1013 Memoria
1561 953 1753 1013 teneo
1823 948 2162 1014 reverendi
2236 946 2496 1017 abbatis

210 1048 383 1113 nostri
425 1054 491 1114 et
540 1051 563 1088 ¹
607 1054 796 1115 tuum
854 1052 1231 1118 mandatum
1286 1073 1486 1137 supra
1543 1052 1762 1137 lingua
1814 1054 1928 1119 illa
1986 1060 2214 1120 sancta
2233 1105 2249 1135 ,
2303 1076 2496 1141 quam

210 1153 431 1220 Hebraei
491 1164 721 1226 ιυ-ιψπ
756 1149 897 1232 ῚἸΦΒ
958 1158 1294 1245 appellant
1347 1158 1460 1245 qni
1507 1180 1610 1225 me
1663 1158 2102 1226 hortabamini
2156 1159 2498 1245 diligenter

207 1259 560 1345 perquirere,
618 1265 732 1332 ubi
764 1272 988 1352 posset
1015 1264 1314 1331 hebraeus
1344 1263 1689 1349 neophitus
1721 1272 1787 1329 et
1831 1264 1897 1329 in
1941 1262 2069 1331 fide
2115 1272 2340 1332 nostra
2381 1266 2500 1331 ini·

208 1367 372 1433 tiatus
422 1369 655 1436 haberi
712 1373 824 1457 qui
882 1370 1059 1457 apud
1112 1392 1225 1436 vos
1270 1370 1417 1435 istic
1462 1369 1802 1436 literarum
1849 1370 2304 1437 hebraicarum
2351 1392 2498 1456 pro·

209 1476 639 1543 nuntiationem
696 1476 979 1544 doceret.
1070 1474 1295 1543 Laudo
1350 1476 1720 1541 institutum
1779 1482 2064 1542 vestrum
2135 1483 2202 1543 et
2257 1478 2313 1543 si
2375 1499 2498 1563 par

208 1598 415 1645 mecum
468 1582 655 1648 vobis
722 1590 823 1648 est
878 1584 1158 1662 animus,
1224 1588 1494 1667 urgente
1555 1581 1864 1662 veritate,
1911 1580 2286 1649 confidebor
2341 1588 2496 1651 tuae

216 1684 521 1768 dignationi
570 1695 897 1754 secretum
941 1710 1172 1754 meum.
1753 1682 1764 1691 ⁹

342 1792 661 1869 Quoniam
704 1794 801 1860 ita
846 1816 949 1861 me
994 1794 1173 1860 Deus
1220 1794 1503 1877 optimus
1557 1792 1874 1858 maximus
1920 1800 2125 1874 amet,
2185 1800 2336 1879 post
2391 1816 2498 1861 va-

212 1896 405 1962 riarum
462 1896 820 1966 lectionum
876 1900 1317 1985 experimenta
1375 1896 1538 1962 nihil
1584 1916 1663 1963 ex
1709 1897 2006 1964 omnibus
2052 1900 2284 1983 linguis
2332 1922 2496 1987 quas

206 1999 360 2067 didici
408 2003 555 2089 plus
612 2026 718 2070 me
780 2005 904 2071 deo
964 2005 1295 2089 conjungit
1365 2024 1562 2088 quam
1609 2023 1943 2069 sacrarum
2007 2004 2342 2073 literarum
2388 2006 2498 2073 he-

208 2105 389 2173 braica
433 2110 841 2176 exercitatio.
936 2110 1205 2195 Semper
1235 2110 1405 2175 enim
1434 2108 1708 2193 legendo
1740 2108 2043 2176 hebraice
2075 2111 2298 2177 videor
2339 2112 2497 2179 mihi

203 2212 381 2279 videre
425 2215 624 2282 deum
670 2216 881 2301 ipsum
928 2215 1330 2300 loquentem,
1388 2236 1533 2281 cum
1581 2214 1790 2299 cogito
1839 2236 1983 2279 eam
2029 2237 2168 2281 esse
2216 2216 2497 2301 linguam

200 2339 302 2399 qua
340 2320 512 2387 Deus
565 2327 635 2387 et
697 2323 908 2406 angeli
966 2322 1343 2387 commerita
1402 2342 1521 2387 sua
1579 2322 1713 2387 sint
1769 2320 2134 2388 hominibus
2192 2321 2496 2388 divinitus

198 2427 483 2509 exequuti.
580 2428 666 2493 Et
724 2424 815 2493 sic
873 2428 1142 2494 horrore
1204 2425 1488 2512 quodam
1549 2433 1617 2492 et
1674 2432 1926 2492 terrore
1989 2429 2322 2494 concutior
2365 2449 2497 2493 non

194 2528 304 2594 sine
346 2532 631 2616 quodam
676 2533 914 2617 gaudio
959 2532 1271 2599 ineffabili
1324 2533 1524 2598 talem
1577 2553 1788 2597 meam
1855 2532 2350 2599 admirationem
2395 2534 2499 2599 vel

196 2640 491 2720 stuporem
540 2639 762 2723 potius
809 2644 1119 2723 sequente
1167 2638 1341 2723 quod
1372 2659 1520 2704 vere
1553 2638 1937 2721 sapientiam
1969 2640 2380 2705 nominavero
2413 2640 2494 2705 de

195 2760 299 2823 qua
315 2741 595 2809 divinum
612 2743 775 2809 illud
805 2743 1015 2809 fertur
1048 2743 1371 2828 eloquium
1403 2744 1733 2810 hebraice:
1765 2746 1828 2802 ‘.-.
1872 2756 2032 2804 nnn*
2065 2756 2200 2805 nvn
2230 2756 2446 2805 n'mv'n
2469 2746 2496 2785 ²

193 2844 223 2907 i.
263 2867 337 2912 e.:
381 2850 642 2915 initiu‘m
688 2850 1046 2934 sapientiae
1092 2850 1289 2915 timor
1334 2850 1610 2915 Domini.

342 2954 439 3020 Ad
471 2961 627 3021 vota
648 2956 849 3039 igitur
872 2962 1093 3021 vestra
1124 2954 1532 3022 commodum
1563 2978 1633 3021 se
1665 2956 1902 3022 obtulit
1935 2956 1976 3021 J
1979 2976 2218 3022 oannes
2247 2954 2272 2994 ⁸
2301 2976 2490 3040 prae·

193 3059 441 3126 sentium
496 3062 835 3127 literarum
896 3068 1193 3127 ostensor
1250 3062 1361 3146 qui
1420 3060 1648 3127 relicto
1693 3062 2030 3128 Judaismo
2075 3062 2159 3127 ad
2207 3068 2496 3128 nostram

191 3158 355 3229 fidem
400 3187 749 3232 conversus
808 3172 905 3232 est
962 3173 1028 3231 et
1070 3168 1138 3230 in
1183 3166 1407 3251 paucis
1455 3169 1641 3233 annis
1685 3168 1972 3252 linguam
2016 3174 2308 3235 nostram
2351 3168 2497 3234 lati-

191 3287 315 3334 nam
370 3272 771 3355 posthabitis
822 3272 1153 3339 hebraicis
1206 3272 1558 3357 perdidicit
1616 3272 1745 3353 ita,
1805 3281 1881 3340 nt
1924 3275 1992 3339 in
2038 3273 2496 3341 bacalaureum

190 3376 400 3441 artium
476 3380 758 3443 evaserit
838 3378 1012 3463 quod
1087 3386 1187 3451 est
1266 3379 1467 3445 studii
1545 3400 1674 3445 non
1749 3380 2092 3447 mediocris
2169 3381 2494 3446 indicium.

193 3476 447 3565 Cumque
495 3483 689 3549 vellet
735 3484 1030 3549 Rhenum
1076 3504 1301 3550 versus
1333 3505 1624 3569 pergere,
1673 3506 1870 3551 suasu
1901 3508 2046 3553 meo
2078 3487 2496 3552 commutavit

193 3584 467 3667 animum,
514 3589 675 3653 mihi
722 3589 1123 3674 obsequens,
1169 3595 1244 3655 ut
1286 3590 1373 3655 ad
1419 3608 1533 3657 vos
1587 3590 1957 3657 diverteret.
2050 3591 2332 3658 Maximo
2379 3591 2499 3657 du·

196 3687 333 3755 citur
412 3714 631 3759 amore
689 3694 782 3759 ad
830 3694 1353 3781 consequendum
1414 3696 1872 3762 sacerdotium.
1963 3697 2083 3763 Est
2158 3696 2358 3783 enim,
2421 3703 2496 3762 ut

192 3796 320 3861 mihi
362 3799 633 3880 videtur,
680 3800 949 3867 devotus
997 3808 1063 3866 et
1108 3800 1371 3886 probuS,
1418 3824 1622 3887 quare
1669 3802 2032 3869 sciscitanti
2071 3802 2226 3867 mihi
2258 3801 2338 3867 de
2373 3823 2489 3867 suo

191 3904 340 3982 apud
401 3928 513 3971 vos
588 3905 828 3971 salario
908 3907 1247 3991 respondit
1302 3908 1646 3994 pecuniam
1710 3928 1839 3973 non
1898 3914 2158 3993 petere,
2205 3908 2322 3973 sed
2392 3929 2492 3973 re-

191 4009 432 4075 verendi
505 4011 746 4077 domini
810 4012 1070 4078 abbatis
1146 4015 1458 4097 gratiam,
1534 4018 1608 4078 ut
1679 4035 1798 4097 per
1870 4019 1934 4079 te
2007 4018 2284 4098 tuosque
2351 4019 2494 4079 tan-

191 4107 318 4175 dem
386 4124 873 4198 promoveretur
956 4118 1043 4183 ad
1119 4119 1573 4186 sacerdotium.
1697 4119 1841 4183 Non
1917 4120 2042 4185 erit
2115 4121 2308 4204 igitur
2378 4126 2492 4187 tuo

190 4222 553 4287 monasterio
599 4224 828 4306 gravis.
918 4223 1143 4290 Facito
1192 4225 1428 4290 nutriri
1472 4224 1797 4290 hominem
1845 4230 1913 4290 et
1957 4227 2200 4291 erudiri
2242 4226 2325 4291 ad
2357 4248 2487 4292 me-

318 4415 339 4459 l
378 4420 425 4465 et
459 4413 660 4484 ausgel.
707 4425 758 4491 1..
791 4418 897 4485 vgl.
938 4419 1071 4472 oben
1110 4434 1220 4469 nro.
1260 4360 1344 4471 Οῗ.
1465 4425 1494 4471 2
1525 4414 1653 4487 'Spin
1699 4425 1744 4473 1.
1781 4426 1831 4473 7.
1958 4424 1986 4471 3
2025 4420 2283 4490 Joannes]
2325 4422 2494 4471 wahr-

192 4496 453 4562 soheinlich
490 4506 612 4561 Joh.
650 4506 801 4569 Kiin3
837 4524 879 4560 s.
918 4524 983 4561 m.
1024 4506 1293 4577 Ellenbog
1330 4524 1371 4560 s.
1417 4512 1480 4561 13
1528 4525 1575 4561 a.
1615 4512 1664 4562 3.
