2950 5042
1591 369 1723 436 288

475 561 732 628 mutare
762 557 937 646 quod
956 557 1045 626 ad
1062 559 1443 629 Philoctetis
1466 559 1808 644 Sophoclei
1837 561 2228 628 sententiam
2243 560 2526 647 proxime
2552 559 2769 629 accedit

1214 666 1255 738 ἥ
1302 690 1397 732 τοι
1441 669 1662 756 καίριος
1709 657 1940 740 σπουδὴ
1985 667 2170 733 πόνου

909 763 1206 848 λήξαντος
1250 772 1433 837 ὕπνον
1477 776 1592 838 κάν
1609 771 1888 838 άπαυλαν
1933 773 2188 865 ἤγαγεν.
2210 774 2232 811 ¹

653 876 747 941 Ac
792 875 985 944 simul
1028 876 1097 943 id
1141 878 1209 944 id
1256 877 1564 964 quicquid
1611 886 1713 944 est
1757 879 1932 964 quod
1977 879 2044 944 in
2089 877 2430 946 Hebraicis
2473 899 2608 944 sum
2648 898 2770 944 con·

474 986 738 1048 secutus
796 990 973 1049 certe
1042 984 1218 1070 quod
1300 985 1785 1068 comparatione
1863 985 2384 1052 doctissimorum
2437 984 2769 1051 Judaeorum

476 1087 673 1154 exile
702 1088 969 1156 nimium
1028 1091 1251 1174 judico
1320 1092 1565 1157 amicos
1637 1091 1852 1158 celare
1925 1112 2054 1157 non
2123 1111 2408 1175 possum.
2509 1087 2629 1156 Sed
2677 1109 2773 1173 per

473 1191 839 1264 libellorum
910 1197 1261 1264 editionem
1326 1197 1500 1264 inter
1555 1197 1782 1264 avidos
1844 1196 2089 1264 sciendi
2148 1217 2383 1280 spargo
2444 1195 2770 1280 discipu103‚

472 1299 709 1385 quibus
755 1301 1105 1388 aliquando
1148 1325 1305 1370 vera
1348 1325 1505 1387 erga
1549 1325 1652 1369 me
1682 1303 2016 1388 gratitudo
2061 1303 2212 1368 inde
2241 1308 2570 1368 accrescet
2609 1321 2775 1386 quan-

473 1411 612 1472 tum
674 1428 823 1474 cum
884 1409 1009 1476 deo
1066 1407 1209 1476 fieri
1253 1411 1500 1494 poterit
1555 1409 1926 1476 vindicandi
1985 1408 2132 1474 mei.
2226 1408 2344 1474 Vel
2403 1407 2672 1487 etiamsi,
2716 1410 2774 1470 ut

470 1533 592 1595 per
612 1513 954 1598 epistolam
1000 1514 1373 1582 comminati
1402 1520 1556 1582 sunt
1585 1515 1806 1582 hostes
1850 1515 1996 1594 mei,
2030 1519 2183 1598 post
2233 1535 2564 1580 excessum
2609 1535 2642 1578 e
2666 1511 2774 1577 vita

472 1617 645 1686 leoni
675 1625 931 1687 mortuo
950 1621 975 1662 ²
1007 1620 1281 1688 barbam
1310 1621 1572 1688 vellant.
1635 1620 1762 1688 Sed
1775 1622 1848 1686 ⁴iu
1879 1641 2118 1705 aquam
2163 1618 2301 1686 haec
2347 1621 2590 1705 scripta
2612 1615 2767 1685 sint³.

647 1726 981 1812 Nusquam
1046 1728 1163 1792 viri
1224 1726 1376 1793 boni
1434 1727 1746 1794 honorem
1822 1726 2066 1806 minuc,
2126 1725 2357 1810 procul
2404 1731 2544 1792 esto
2587 1747 2625 1791 a
2674 1743 2768 1788 me.

472 1829 603 1898 Sed
630 1831 945 1916 malignos
992 1838 1061 1898 et
1104 1838 1331 1917 putres
1366 1831 1926 1917 philosophastros
1973 1833 2218 1917 optimo
2279 1833 2434 1917 jure
2481 1836 2654 1911 noto,
2687 1826 2767 1912 qui

469 1936 537 2002 in
583 1959 769 2004 suum
814 1938 1105 2022 ipsorum
1148 1939 1417 2005 exitium
1463 1945 1709 2004 temere
1767 1944 2124 2024 captantes
2185 1937 2537 2022 capiuntur
2555 1985 2571 2016 ‚
2622 1939 2674 2000 et
2709 1935 2759 1995 ut

469 2042 641 2110 alter
686 2045 959 2111 Perillus
983 2045 1012 2084 ⁴
1060 2044 1187 2128 ipsi
1233 2067 1425 2131 quem
1456 2044 1670 2112 fecere
1701 2050 1963 2111 taurum
2009 2066 2156 2113 cum
2201 2065 2438 2128 magno
2486 2063 2600 2110 suo
2639 2036 2761 2106 malo

471 2149 909 2234 experiuntur.
1014 2150 1429 2218 Gaudeamus
1491 2151 1688 2234 igitur
1735 2150 2058 2231 hilariter,
2117 2149 2341 2230 beate,
2381 2147 2674 2236 jucunde,
2709 2141 2768 2208 ob

468 2253 709 2321 virtute
755 2261 1009 2341 partam
1059 2255 1246 2322 nobis
1292 2255 1568 2340 gloriam
1591 2307 1606 2337 ,
1668 2277 1746 2324 ac
1790 2257 1920 2323 illis
1987 2278 2243 2342 quoque
2273 2255 2560 2340 posteris
2601 2256 2776 2338 gratu-

468 2359 678 2428 lemur
722 2368 993 2447 propter
1038 2367 1174 2428 tam
1222 2370 1596 2448 opportuna
1625 2363 2215 2430 sacratissimarum
2245 2362 2588 2428 literarum
2629 2354 2778 2424 semi-

465 2467 652 2533 naria
710 2489 855 2553 quae
910 2468 1183 2534 Adriani
1243 2469 1455 2535 nostri
1515 2468 1796 2554 jacimus
1864 2467 2240 2536 autoritate.
2341 2467 2494 2534 Non
2555 2463 2780 2531 dubium

466 2574 620 2658 quin
667 2574 765 2640 hae
812 2574 1065 2662 radices
1096 2596 1224 2640 non
1266 2574 1457 2641 modo
1505 2576 1572 2640 in
1615 2574 1908 2641 surculos
1951 2573 2302 2659 pullulent,
2349 2593 2576 2640 verum
2620 2559 2778 2636 etiam

462 2679 531 2744 in
593 2702 901 2764 proceras
960 2688 1341 2748 excrescant
1386 2681 1602 2760 aluos,
1679 2681 1892 2767 sylvas
1967 2687 2036 2746 et
2083 2679 2296 2761 lucos,
2340 2678 2414 2745 in
2462 2678 2686 2764 quibus
2724 2677 2780 2738 ut

465 2785 763 2870 Orpheus
817 2788 905 2853 ad
956 2787 1277 2854 Ismarum
1343 2794 1409 2854 et
1466 2787 1824 2872 Rhodopen
1891 2787 1958 2852 in
2019 2785 2326 2866 Thracia,
2395 2787 2491 2852 sic
2553 2804 2664 2850 nos
2714 2776 2780 2845 ad

456 2891 685 2976 jugum
728 2891 1137 2979 Hercynium
1190 2900 1389 2980 atque
1432 2895 1726 2960 Bacenas
1767 2895 1834 2958 in
1867 2891 2128 2972 Suevia‚
2183 2891 2592 2976 Pythagoreo
2631 2905 2778 2954 more

466 2998 787 3066 citharam
804 3005 1098 3071 nostram
1128 3001 1432 3067 docemus
1466 3000 1683 3066 divina
1701 2999 2126 3065 Hebraeorum
2161 2998 2457 3064 carmina
2489 3012 2780 3070 resonare,

464 3103 738 3189 quorum
771 3105 1219 3191 symphoniam
1237 3105 1263 3146 ⁵
1302 3106 1407 3173 hic
1438 3106 1900 3192 subjungimus.
1965 3105 2378 3172 Diatonicum
2425 3109 2644 3170 autem
2669 3119 2779 3164 mo-

469 3209 771 3278 dulamen
792 3212 979 3280 nobis
1004 3212 1231 3280 attulit
1265 3203 1788 3282 Bossosthemius
1817 3210 2123 3288 sacerdos
2141 3211 2184 3276 ⁶.
2219 3211 2642 3278 Harmoniam
2653 3203 2781 3274 fecit

1621 3399 1655 3438 ’R

609 3555 627 3601 1
659 3548 756 3602 Ed.
785 3549 1147 3602 Schneidewin
1164 3547 1271 3602 und
1284 3548 1472 3602 Nauck
1501 3566 1549 3601 v.
1585 3551 1706 3602 63⁷.
1736 3551 1855 3602 688.
1881 3544 1992 3614 ἦτοι
2021 3553 2066 3600 1.
2093 3546 2140 3600 κ’
2164 3542 2454 3600 ἀνάπαυλαν
2489 3553 2534 3598 1.
2597 3539 2779 3597 2Leoni

460 3639 690 3708 mortuo]
742 3655 783 3693 ι.
831 3657 882 3692 ο.
940 3640 1039 3692 den
1090 3639 1236 3692 brief
1263 3639 1552 3694 Reucblins
1603 3655 1669 3690 an
1709 3638 1793 3706 die
1845 3638 2034 3690 Cfflner
2082 3637 2307 3701 facultat
2353 3639 2421 3690 29
2465 3635 2612 3688 Febr.
2655 3634 2780 3691 1512,

459 3743 502 3780 8.
548 3729 661 3780 165.
841 3731 872 3780 3
928 3728 1037 3780 Das
1078 3728 1233 3781 dritte
1297 3728 1438 3780 buch
1495 3727 1588 3778 bat
1637 3727 1794 3780 keine
1849 3727 2087 3789 vorred03
2141 3742 2236 3777 aus
2289 3725 2409 3776 dem
2461 3723 2664 3776 schluss
2703 3719 2778 3769 des

458 3831 663 3883 ganzen
700 3817 845 3867 scien
883 3817 1134 3884 folgende
1171 3823 1333 3869 worte
1371 3817 1710 3885 mitgetheilt.
1857 3820 1890 3866 4
1929 3815 2157 3866 Perillus
2181 3815 2533 3878 aperilaos,
2571 3811 2658 3863 der
2690 3821 2777 3858 erz-

456 3903 656 3972 giesser‚
692 3905 783 3958 der
808 3906 891 3958 fur
917 3906 1015 3958 don
1044 3915 1302 3973 tyrannen
1320 3905 1560 3958 Phalaris
1588 3907 1687 3958 den
1715 3907 1941 3957 ebernen
1969 3905 2098 3956 stier
2129 3905 2449 3971 versertigte.
2597 3903 2627 3952 ὃ
2649 3899 2775 3964 Sym-

456 3993 725 4062 phoniam]
762 3995 848 4047 die
884 3995 1233 4047 hebriiischen
1273 3994 1566 4046 melodieen
1613 3995 1790 4062 folgen
1830 3996 1929 4045 auf
1975 3994 2074 4045 den
2113 3996 2146 4045 9
2192 3991 2477 4061 folgenden
2515 3989 2676 4042 seiten
2707 3985 2777 4034 fiir

455 4083 767 4152 Discantun‚
808 4083 993 4150 Altus,
1032 4083 1233 4149 Tener,
1272 4086 1488 4135 Bassus.
1635 4087 1666 4135 6
1706 4081 2134 4151 Bossosthenius]
2173 4083 2308 4134 ohne
2343 4080 2550 4132 zweifel
2583 4077 2772 4128 Johann

456 4171 856 4236 Boccheusteim
892 4172 1063 4226 dorin
1090 4173 1183 4225 der
1219 4173 1355 4226 oben
1390 4188 1504 4225 nro.
1534 4173 1850 4224 CLXXXVI
1886 4170 2299 4224 beschriehenen
2323 4169 2510 4222 schrift
2531 4168 2570 4217 B
2608 4167 2666 4216 311
2697 4177 2771 4228 ge·

454 4267 574 4325 sagt
610 4261 776 4315 hatte:
816 4262 912 4314 sed
949 4261 1091 4314 dicta
1128 4262 1311 4313 ultima
1348 4260 1658 4329 punctorum
1695 4261 1776 4312 vel
1815 4269 2105 4328 temporum
2151 4274 2348 4326 genera
2385 4253 2656 4308 musicalia
2687 4247 2770 4300 sci-

454 4348 582 4400 licet
614 4357 668 4400 et
704 4352 1037 4402 accentualia
1072 4367 1177 4403 non
1214 4350 1281 4402 ad
1319 4351 1531 4418 ignaros
1569 4349 1663 4400 sed
1701 4349 1765 4400 ad
1803 4350 2000 4416 peritos
2037 4349 2192 4412 hujus
2228 4348 2353 4398 artis
2387 4349 2660 4413 pertinent.
2703 4339 2770 4387 De

454 4438 647 4502 quibus
687 4440 1155 4492 observandissimi
1192 4445 1533 4506 praeceptores
1571 4439 1674 4490 mei
1710 4438 1950 4489 «Ioannes
1974 4437 2234 4486 Reuchlin
2271 4443 2323 4487 et
2350 4435 2549 4501 Caspai·
2573 4435 2766 4482 Amman

455 4525 760 4596 propediem
794 4527 949 4598 plura
986 4535 1050 4580 et.
1074 4529 1292 4600 egregia
1328 4527 1572 4580 tradituri
1607 4533 1745 4592 sunt,
1782 4517 1975 4594 quihus
2012 4539 2218 4594 quoqne
2257 4524 2480 4577 libenter
2505 4521 2602 4574 hac
2635 4519 2686 4569 in
2718 4527 2764 4567 το
