2950 5042
1296 356 1428 425 217

235 546 432 615 doctor
473 544 822 631 theologiae,
877 542 1228 615 Udalricus
1289 544 1332 614 J
1335 568 1464 635 ung
1523 547 1753 618 doctor
1808 542 2177 629 medicina,
2238 546 2525 615 Joannes

231 652 584 719 Faltermair
625 653 964 739 utriusque
1015 652 1184 739 juris
1230 652 1493 737 doctor3
1540 654 1859 740 Georgius
1908 650 2273 721 Oberhofer
2320 651 2527 739 philo·

231 758 468 843 sophus;
533 760 574 825 J
577 780 814 825 oannes
885 758 1158 827 Vischer
1229 780 1310 827 ex
1389 760 1683 829 Dietfurt
1754 757 2211 847 philosophns3
2286 758 2525 827 nobilis

232 860 610 931 Guilhermus
655 863 1026 945 Tronberk3
1071 866 1112 931 J
1115 886 1357 933 oannes
1411 866 1681 951 Vogelin
1745 864 2194 952 philosophus;
2242 863 2527 931 Joannes

227 968 560 1037 Pinicianus
591 969 915 1054 presbiter
946 971 1402 1055 Augustensis3
1448 972 1772 1039 Henricus
1821 970 2155 1051 Vitellius3
2202 969 2529 1037 Eberhar-

228 1073 328 1140 dus
388 1096 528 1141 cum
599 1074 732 1141 filio
779 1097 900 1143 suo
947 1076 1423 1146 Bartholomaeo
1473 1078 1733 1147 Caesare
1790 1076 1870 1145 de
1917 1075 2289 1159 Forchaim,
2336 1096 2531 1161 quem

223 1180 736 1249 Bai-tholomaeum
811 1180 1044 1268 puduit
1109 1182 1410 1252 fortassis
1482 1186 1743 1271 scriptis
1808 1183 1943 1251 suis
2010 1203 2247 1249 nomen
2307 1202 2525 1247 meum

221 1286 487 1354 inserere.
579 1288 684 1354 Illi
736 1288 1002 1374 inquam
1061 1290 1397 1357 auditores
1453 1291 1583 1357 mei
1640 1288 1873 1357 crebro
1918 1310 2021 1355 me
2070 1286 2527 1368 sollicitarunt,

223 1398 284 1457 ut
319 1414 452 1478 quae
495 1394 722 1461 multis
780 1395 968 1461 annis
1019 1394 1384 1461 Germaniae
1447 1402 1687 1463 nostrae
1751 1395 2027 1461 hebraeae
2070 1393 2307 1478 linguae
2352 1392 2529 1459 rudi-

220 1505 408 1565 menta
449 1500 870 1566 tradidissem
914 1500 982 1565 in
1027 1520 1226 1569 unum
1270 1500 1565 1569 libellum
1610 1522 1905 1586 cogerem
1966 1506 2035 1567 et
2091 1520 2211 1585 pro
2257 1497 2527 1585 publico

220 1605 520 1671 commodo
569 1605 850 1672 ederem.

363 1712 613 1777 Horum
663 1732 806 1796 eg0,
863 1708 981 1779 sed
1040 1711 1317 1783 maxime
1383 1712 1685 1798 petitioni
1740 1718 1869 1781 tuae
1931 1710 2213 1779 libenter
2280 1731 2527 1777 morem

221 1836 360 1899 gero,
447 1817 489 1884 J
493 1817 720 1884 ussisti
790 1818 1026 1884 etenim
1051 1868 1066 1899 ,
1135 1824 1211 1885 ut
1277 1818 1647 1905 hujusmodi
1716 1818 2095 1885 thesaurum
2164 1816 2527 1903 proferrem

217 1921 582 2009 largiterque
630 1923 1022 2011 impartiret,
1072 1946 1201 2010 quo
1247 1924 1467 1992 multis
1516 1924 1991 2005 commodarer;
2036 1930 2309 2011 paratus
2358 1944 2523 2004 sum,

214 2026 647 2099 humanissime
694 2035 1095 2115 praeceptor,
1165 2036 1278 2097 tuo
1332 2032 1589 2099 nomine
1656 2028 2123 2116 rempublicam
2169 2028 2531 2095 literariam

213 2134 510 2219 adjuvare.
610 2136 843 2203 Veram
903 2142 970 2201 et
1023 2136 1419 2203 succinctam
1481 2144 1699 2205 tamen
1745 2134 2002 2220 legendi
2047 2134 2219 2201 viam
2266 2134 2527 2221 aperire

211 2240 491 2325 adjuncta
537 2240 770 2308 tabula
815 2264 959 2309 cum
1005 2243 1258 2310 caeteris
1279 2293 1295 2324 ,
1343 2264 1539 2329 quam
1585 2248 1849 2322 vocant,
1913 2240 2133 2307 latinis
2181 2240 2529 2311 teutonicis

211 2352 265 2411 et
302 2346 578 2415 hebraeis
624 2348 832 2414 literis
879 2346 1092 2415 tribus
1137 2347 1451 2415 columnis
1500 2370 1571 2415 se
1616 2347 1887 2414 invicem
1920 2347 2527 2427 concomitantibus,

209 2451 289 2517 ita
345 2476 494 2520 vere
560 2460 638 2535 ut
705 2452 898 2519 facile
979 2453 1374 2521 semidoctus
1440 2453 1868 2522 Hebraeorum
1934 2459 2124 2519 notas
2188 2451 2531 2521 addiscere

209 2565 400 2643 queat,
446 2582 580 2646 quo
630 2558 864 2627 deinde
911 2566 1058 2626 tuos
1113 2560 1262 2625 illos
1321 2560 1611 2645 egregios
1673 2560 1873 2625 libros
1946 2557 2297 2625 studiosius
2360 2579 2533 2624 com-

208 2684 420 2745 parare
469 2671 539 2731 et
587 2664 950 2750 expeditius
977 2668 998 2705 ¹
1047 2665 1408 2750 intelligere
1456 2666 1732 2751 possint,
1776 2665 1891 2731 sed
1937 2684 2147 2749 neque
2178 2663 2379 2729 ullam
2423 2684 2534 2729 ne-

207 2769 464 2855 gligendi
533 2771 833 2839 hebraeas
894 2771 1118 2838 literas
1165 2773 1569 2840 occasionem
1615 2769 1983 2849 habebunt,
2048 2790 2193 2836 cum
2239 2774 2378 2835 tam
2425 2767 2534 2835 vili

207 2878 405 2959 precio
451 2884 712 2944 tantum
759 2900 992 2943 munus
1039 2879 1321 2963 empturi
1367 2883 1536 2944 sunt.
1630 2876 1867 2961 Accipe
1913 2874 2127 2959 igitur,
2176 2872 2533 2941 clarissime

207 2982 313 3063 vir,
356 2984 651 3049 libellum
717 2984 886 3049 hunc
948 2985 1016 3049 in
1074 2990 1255 3049 tuam
1308 2983 1587 3050 tutelam
1609 3032 1624 3063 ,
1682 2981 1805 3047 tibi
1867 3003 2013 3047 eum
2070 2980 2315 3061 dicavi,
2371 2985 2447 3046 tu
2493 3002 2537 3048 a

208 3088 528 3155 malevolis
577 3094 792 3155 tutum
838 3087 1103 3169 reddes,
1163 3095 1238 3155 ut
1294 3090 1351 3155 si
1411 3110 1542 3174 qua
1600 3109 1763 3173 opus
1826 3088 1949 3153 erit
2015 3086 2169 3154 lima
2222 3086 2532 3173 purgabis

191 3201 386 3281 atque
436 3216 768 3279 emunges.
861 3194 1026 3276 Scio,
1071 3194 1184 3261 ubi
1231 3196 1370 3280 ip'se
1418 3196 1486 3261 in
1534 3195 1743 3261 lucem
1777 3194 2167 3275 versabitur,
2213 3193 2373 3259 nulli
2403 3214 2531 3261 non

207 3307 412 3381 gratus
474 3300 641 3383 erit,
699 3300 852 3367 dum
911 3308 1166 3367 tantum
1235 3296 1485 3368 ducem'
1526 3294 1883 3387 ‚patronum
1938 3300 2259 3366 habuerit.
2358 3299 2535 3380 Vale,

206 3406 387 3473 trium
432 3408 804 3492 linguarum
849 3406 1243 3492 peritissime
1289 3406 1600 3493 Capnion,
1647 3429 1881 3492 meque
1928 3412 2112 3472 tuum
2142 3404 2535 3489 mancipium

209 3531 333 3579 esse
378 3514 662 3599 patiare.
755 3514 855 3579 Ex
901 3516 1283 3597 Augustana
1339 3519 1565 3580 nostra
1612 3512 1863 3579 officina
1907 3510 2247 3593 hebraica,
2296 3515 2535 3597 quarto

209 3639 400 3687 nonas
448 3622 492 3687 J
494 3620 648 3686 unii.
741 3622 927 3686 Anno
982 3616 1171 3685 1514.

326 3730 658 3791 Gedruckt:
685 3748 788 3791 aus
805 3739 1025 3786 nvn-nu
1051 3735 1268 3787 rivaus
1290 3734 1428 3787 nin:
1447 3721 1900 3811 [CONTENTA
1914 3729 1998 3788 IN
2015 3726 2173 3789 HOC
2195 3726 2533 3787 LIBELLO

207 3836 460 3899 NVPER
493 3842 503 3909 1
534 3855 571 3897 a
601 3838 638 3897 J
641 3855 826 3897 oanne
854 3836 1276 3898 boeschenstein
1308 3836 1648 3911 esslingensi
1680 3836 1853 3895 edita.
1893 3830 1929 3913 ΙΙ
1966 3835 2322 3895 Elementale
2350 3836 2533 3894 intro·

209 3942 461 4005 ductoria
491 3945 550 4004 in
580 3944 824 4003 hebreas
851 3944 1050 4003 literas
1092 3934 1103 4025 Ι
1140 3942 1428 4003 teutonice
1443 3947 1502 4002 et
1516 3941 1783 4002 hebraice
1802 3941 2073 4016 legendas
2114 3934 2125 4023 Ι
2162 3940 2376 4001 Decem
2402 3957 2535 4015 pre·

209 4056 364 4125 cepta
393 4052 604 4111 Exodi.
638 4034 782 4111 XX.
828 4044 836 4133 Ι
879 4048 1078 4110 Oratio
1127 4049 1408 4109 dominica
1437 4047 1645 4108 Matth.
1692 4048 2012 4109 VI...Luce.
2053 4046 2157 4107 ΧΓ.
2200 4048 2211 4125 Ι
2252 4046 2537 4108 Salutatio

210 4158 458 4236 angelica
487 4156 646 4217 Luce
676 4150 916 4239 primotl
957 4154 1286 4229 Symbolum
1317 4155 1707 4229 apostolorum
1748 4145 1759 4236 Ι
1800 4152 2098 4213 Canticum
2112 4138 2301 4213 Marie
2324 4153 2481 4213 Luce
2508 4152 2539 4212 Ι

213 4257 497 4322 Canticum
543 4263 841 4322 Simeonis
901 4256 1089 4321 ‘Luce
1123 4279 1193 4331 ¹z.
1233 4264 1240 4335 Ι
1285 4261 1394 4320 An.
1442 4260 1591 4319 Veni
1630 4249 1871 4332 sancte!
1916 4259 2027 4346 An.
2074 4260 2245 4320 Salue
2297 4256 2530 4344 regina}

1357 4386 1393 4425 *

351 4498 376 4544 l
414 4494 678 4564 Expedius
719 4498 762 4546 1.
799 4499 922 4549 tuos
956 4492 1140 4566 libros]
1176 4493 1410 4547 numlich
1445 4491 1531 4546 dio
1565 4490 1863 4546 rudimenta
1902 4488 2165 4547 hebraica.
