2950 5042
1299 381 1386 446 23

203 573 430 658 Adelph
489 573 670 638 Okko
737 571 872 638 und
933 570 1214 660 sonstige
1279 569 1551 638 freunde
1616 569 1969 656 gerichtete
2038 570 2161 636 bei.
2276 571 2507 636 Romae.

199 679 380 744 Nonis
427 679 678 743 Martiis
727 698 788 742 a.
847 681 1032 743 1489.
1361 753 1376 766 ·

359 785 673 848 Gedruck't:
733 792 884 848 l=
917 787 979 848 C.
1013 805 1067 848 v.
1103 803 1154 848 e.
1189 785 1214 846 f
1245 791 1342 858 4⁸3
1405 789 1442 846 2
1477 807 1563 840 =
1594 785 1633 846 J
1680 800 1733 844 v,
1768 802 1817 844 e.
1852 783 1891 844 h
1930 788 2027 859 1⁰3
2081 789 2115 844 3
2152 805 2234 842 =
2273 785 2333 844 C.
2368 803 2422 846 v.
2454 801 2509 844 e.

201 892 248 950 11
276 891 367 952 fol.
401 887 608 952 45³·b.

1215 1009 1454 1074 xxua.

319 1102 583 1167 Stuttgart.
2289 1098 2438 1146 1489.

195 1205 239 1280 J
241 1206 482 1278 oannis
539 1202 910 1280 Reuchlin
963 1200 1460 1306 Psortzennsis
1526 1200 1839 1302 epistola
1906 1201 1981 1274 in
2042 1199 2511 1299 quottidiana

196 1327 544 1426 colloquia
574 1351 822 1425 graeca
848 1324 946 1398 ad
965 1323 1685 1398 Reverendissimum
1718 1335 2003 1424 patrem
2034 1336 2105 1396 et
2125 1323 2511 1400 dominum

195 1449 539 1523 Joannem
592 1446 1085 1545 Dalburgium
1135 1446 1617 1545 Vangionum
1670 1446 2101 1546 episcopum
2158 1446 2419 1546 incipit
2460 1447 2503 1518 ¹.

345 1587 594 1672 Saepius
643 1591 1042 1670 compertum
1088 1583 1156 1649 id
1189 1590 1308 1664 est,
1357 1583 1711 1650 reverende
1752 1585 2061 1670 pontifex,
2111 1584 2287 1670 quod
2340 1585 2510 1649 inter

202 1691 376 1759 claros
424 1687 630 1760 eciam
681 1693 850 1756 viros
897 1689 1196 1770 obtinuit,
1242 1695 1318 1754 ut
1361 1689 1747 1756 tenuissima
1792 1691 2174 1754 munuscula
2223 1689 2511 1774 quando·

205 1821 295 1881 que
359 1799 604 1863 amoris
661 1797 901 1862 indicia
961 1796 1093 1861 sint
1161 1816 1358 1879 quam
1415 1794 1695 1860 maxime
1758 1794 2212 1860 memorabilis.
2318 1795 2506 1860 Unde

199 1903 323 1967 mihi
367 1903 767 1988 persuadere
814 1901 1010 1968 aliter
1053 1901 1228 1966 haud
1259 1899 1501 1985 possim
1540 1921 1772 1984 meque
1806 1900 2135 1964 continere
2170 1921 2507 1984 nequeam,

196 2008 324 2091 quin
405 2009 485 2074 de
563 2015 628 2073 te
699 2007 1000 2092 quotiens
1066 2006 1279 2088 cogito
1351 2003 1685 2090 (quodque
1754 2003 1829 2070 fit
1888 2003 2293 2091 frequenter)
2366 2027 2512 2090 pro-

193 2113 336 2180 fecto
387 2135 642 2198 semper
674 2117 827 2196 opto
875 2111 1122 2196 aliquid
1171 2110 1402 2176 saltem
1444 2111 2085 2196 quantulumcunque
2117 2111 2185 2175 id
2218 2111 2505 2176 futurum

193 2220 286 2298 sit,
336 2221 422 2285 ad
469 2226 535 2284 te
585 2217 778 2317 dage,
843 2237 969 2301 quo
1027 2216 1312 2280 animum
1375 2222 1558 2281 tuum
1616 2215 1930 2280 delectari
1990 2215 2269 2280 credam.
2362 2215 2508 2280 Non

192 2325 342 2408 quod
389 2333 522 2390 tam
570 2325 834 2388 insanus
882 2325 1020 2402 sim,
1066 2329 1140 2388 ut
1183 2343 1285 2386 me
1333 2320 1416 2387 ob
1464 2319 1793 2406 quaslibet
1846 2320 2221 2404 largitiones
2283 2327 2507 2404 putem

189 2430 290 2495 abs
351 2437 416 2496 te
478 2428 660 2514 diligi
718 2437 856 2494 tam
913 2428 1082 2493 bono
1137 2426 1426 2512 principe
1485 2427 1736 2509 (nostra
1798 2427 1963 2490 enim
2024 2425 2315 2492 amicitia
2380 2447 2506 2492 non

189 2555 256 2599 ex
307 2536 526 2620 inopia
585 2541 703 2600 aut
761 2532 1122 2616 indigencia
1184 2539 1399 2598 ortum
1461 2529 1663 2616 cepit)
1710 2531 1823 2597 sed
1871 2533 2025 2616 quia
2086 2530 2354 2596 mirifico
2414 2531 2508 2596 af·

188 2637 349 2706 ficior
394 2640 629 2724 gaudio
679 2639 817 2705 sola
863 2637 1322 2704 recordacione
1371 2636 1787 2722 gratitudinis
1814 2639 1837 2676 ²
1880 2644 2025 2702 tuae.
2115 2638 2262 2702 Erit
2306 2637 2505 2720 igitur

187 2745 338 2811 inter
381 2767 496 2812 no·
530 2745 822 2830 ejusdem
867 2743 1174 2830 ponderis
1209 2765 1512 2828 magnum
1545 2742 1783 2808 bonum
1832 2749 1898 2807 et
1932 2763 2223 2826 parvum,
2272 2741 2507 2826 quibus

188 2871 301 2916 non
342 2873 446 2917 res
495 2851 610 2916 sed
643 2849 941 2915 voluntas
971 2855 1301 2934 pensatur,
1350 2848 1695 2915 dummodo
1737 2847 1970 2914 crebra
2010 2847 2331 2912 iterentur
2362 2869 2505 2932 quae

190 2977 368 3038 parva
416 2964 570 3024 sunt
613 2956 656 3036 ³,
703 2956 975 3020 Hesiodi
1020 2955 1370 3022 sententia:

582 3093 710 3142 Nam
750 3094 794 3142 ei
836 3109 952 3144 cum
991 3107 1152 3160 parvo
1193 3109 1410 3159 parvum
1448 3107 1758 3160 componere
1796 3107 1947 3142 cures

584 3187 637 3231 et
673 3181 830 3232 simul
871 3181 924 3232 id
963 3183 1128 3234 facias
1169 3184 1340 3248 majus
1379 3183 1438 3232 fit
1474 3183 1693 3233 forsitan
1732 3180 1883 3232 illud.

1319 3300 1350 3334 τοι

189 3361 234 3412 in
269 3365 440 3415 Basler
479 3367 630 3415 beitr.
671 3383 712 3415 z.
755 3366 936 3416 vaterl.
975 3367 1152 3432 gesch.
1203 3369 1334 3417 1846
1377 3372 1424 3417 2.
1468 3366 1645 3430 band).
1722 3368 1919 3433 Eigcne
1957 3367 2205 3418 Schriften
2246 3363 2363 3415 sind
2404 3380 2505 3414 von

191 3449 281 3501 ihm
307 3455 446 3504 nicht
473 3455 730 3518 erbaltcn,
771 3471 870 3504 nui·
895 3455 1164 3520 ausgaben
1195 3473 1238 3506 z.
1275 3455 1324 3507 b.
1363 3455 1456 3507 der
1490 3457 1836 3505 lateinischen
1867 3455 2037 3517 bibi-13
2081 3456 2133 3504 in
2167 3454 2508 3520 zeitgenossi-

191 3540 330 3590 seben
358 3544 560 3592 werhen
591 3544 763 3592 finden
793 3544 906 3594 sich
936 3546 1110 3610 einige
1135 3544 1300 3595 briese
1339 3545 1442 3594 und
1471 3544 1715 3610 gedichte
1753 3561 1853 3594 von
1894 3545 2027 3606 ihm,
2066 3561 2109 3594 z.
2138 3543 2188 3593 b.
2226 3545 2277 3591 in
2306 3541 2504 3592 Theod.

192 3627 510 3681 Greeemundi
539 3632 1033 3696 lucubratiunculae,
1071 3633 1322 3684 bonarum
1351 3641 1555 3700 septem
1580 3635 1767 3682 artium
1800 3633 2097 3699 apologiam
2128 3669 2140 3682 .
2162 3669 2173 3682 .
2197 3670 2209 3682 .
2248 3629 2507 3696 coniplec·

193 3723 334 3768 tentes
369 3721 546 3770 Mainz
583 3725 717 3771 1494
743 3722 794 3770 in
825 3726 902 3783 40,
941 3723 1137 3772 eberiso
1175 3722 1230 3770 in
1257 3722 1399 3773 Petri
1431 3722 1639 3782 Schott,
1678 3721 1963 3771 Lucubrat.
1998 3721 2101 3770 und
2140 3720 2314 3770 Bibiia
2344 3719 2508 3768 latina

193 3819 290 3854 cum
314 3809 536 3873 postillis
569 3811 811 3874 lingonis
839 3827 884 3860 a.
915 3811 964 3859 S.
998 3810 1130 3859 Caro
1159 3809 1264 3875 vgl.
1297 3811 1524 3875 Riogger
1552 3811 1754 3864 Amoeu.
1785 3810 1862 3858 lit.
1905 3807 2147 3874 Friburg.
2182 3825 2222 3857 S.
2257 3809 2353 3857 189
2379 3823 2426 3855 u.
2454 3823 2502 3857 a.

319 3901 334 3944 1
377 3883 520 3948 fiber
557 3897 684 3947 Joh.
727 3915 774 3946 v.
816 3897 1054 3962 Dalburg
1093 3899 1202 3962 vgl.
1241 3898 1397 3963 Zapf:
1435 3897 1487 3948 J.
1530 3915 1575 3948 v.
1620 3899 1681 3947 l).
1725 3898 2011 3963 Augsburg
2060 3900 2209 3958 1789,
2244 3895 2501 3960 nacha-ag

191 3980 356 4033 zurich
399 3989 558 4052 179&
599 3985 827 4048 Erhard,
879 3987 1059 4052 gesch.
1113 3985 1204 4049 des
1260 3986 1775 4038 wiederausfbliihens
1827 3986 2134 4035 wissenseh.
2187 3985 2411 4050 hildung
2451 3986 2501 4034 in

191 4065 524 4122 Teutsehland
570 4077 722 4136 1826,
769 4075 806 4135 1,
858 4089 898 4123 s.
955 4076 1056 4126 356
1111 4074 1192 4124 bis
1249 4079 1377 4136 3743-
1433 4076 1689 4128 Ulmnnnz
1738 4075 1991 4124 Memoria
2042 4075 2167 4124 doh.
2220 4074 2501 4138 Dalburgii

197 4158 326 4208 1840.
385 4161 556 4212 Bricfe
599 4161 864 4227 Dalburgs
903 4163 954 4211 in
995 4163 1172 4215 diesen
1216 4164 1468 4214 Schriften
1512 4179 1562 4214 u.
1601 4172 1783 4224 nutem
1826 4165 1909 4213 ein
1950 4163 2167 4228 gedicht
2204 4163 2287 4212 bei
2328 4163 2502 4223 Mene,

193 4247 675 4314 quellensammlung
714 4266 804 4300 zur
841 4250 962 4302 bad.
1004 4232 1501 4316 latidcsgeschiclite
1530 4253 1686 4314 111,s.
1726 4255 1839 4302 1526.
1904 4252 2019 4316 Vgl.
2064 4252 2195 4300 :tucis
2239 4252 2323 4300 die
2362 4252 2503 4300 nntiz

193 4331 571 4388 Melanchthous
613 4355 753 4404 corp.
793 4341 882 4388 ref.
925 4340 1113 4403 XXIV,
1153 4357 1198 4390 c.
1237 4344 1356 4390 280.
1433 4343 1541 4391 Die·
1582 4341 1945 4390 froundschaft
1985 4343 2077 4390 1).s
2126 4342 2217 4389 mit
2258 4342 2336 4401 R„
2376 4338 2501 4386 viel-

192 4420 332 4474 leicht
374 4427 533 4477 durch
587 4427 844 4494 Agrikola
894 4429 1210 4490 vcranlasst,
1259 4429 1437 4479 wurde
1488 4429 1609 4479 sehr
1656 4429 1831 4494 innig,
1871 4429 2123 4479 erkaltcte
2162 4429 2287 4477 aber
2324 4431 2501 4495 spfitcr

193 4524 274 4562 aus
308 4514 673 4567 unbekannten
710 4517 964 4588 griinden.
1076 4523 1103 4569 2
1141 4517 1440 4590 gratudinis
1486 4523 1529 4574 1.
1642 4521 1673 4568 3
1711 4528 1795 4574 sut
1840 4523 1883 4572 1.
