2950 5042
1554 373 1641 438 26

424 561 593 626 rium
635 567 916 628 vestrum
959 562 977 600 ¹
1026 551 1348 646 peterem,
1412 562 1785 626 nunciatum
1834 566 1933 626 est
1978 561 2136 628 mihi
2197 583 2231 626 e
2288 561 2503 626 media.
2548 561 2653 626 via
2700 567 2767 626 te

428 667 566 732 sine
612 667 818 730 literis
865 668 1022 757 meis
1071 689 1232 752 quas
1281 667 1521 732 famulo
1556 688 1697 732 meo
1744 667 1830 731 ad
1876 673 1941 732 te
1988 668 2296 732 dederam
2349 674 2501 734 ante
2558 667 2766 733 lucem

425 771 576 836 hinc
623 772 884 852 abiisse,
933 761 1107 858 quod
1154 779 1228 838 ut
1277 778 1509 856 postea
1554 773 1840 856 comperi
1867 772 2139 838 moleste
2170 772 2429 860 quidem
2462 778 2536 839 ut
2570 771 2771 838 debui

424 876 734 956 ferebam,
769 878 1006 962 quippe
1041 879 1150 962 qui
1182 877 1398 944 fructu
1421 878 1905 962 jocundissimae
1937 878 2419 944 consuetudinis
2452 885 2581 944 tuse
2626 884 2769 944 tam

427 981 639 1046 subita
679 981 1070 1048 discessione
1102 983 1396 1068 privatus
1427 1005 1655 1048 essem.
1729 982 2083 1067 Cupiebam
2116 983 2413 1068 equidem
2459 983 2772 1050 nonnulla

421 1087 634 1156 adhuc
683 1093 894 1152 tecum
930 1087 1222 1154 conferre
1271 1094 1338 1154 et
1381 1110 1501 1172 pro
1549 1089 1680 1154 tuis
1727 1088 1791 1154 in
1840 1110 1942 1154 me
1992 1087 2247 1170 officiis,
2295 1111 2489 1175 quom
2534 1111 2607 1156 re
2640 1111 2773 1156 non

1589 1225 1625 1262 *

419 1312 507 1374 tis,
545 1313 760 1364 familiae
799 1328 907 1364 suae
945 1328 1062 1362 eum
1101 1311 1342 1378 adjunxit
1379 1329 1541 1363 senex
1580 1313 1866 1364 cardinalis
1906 1315 2164 1376 Venetus,
2212 1313 2427 1366 Marcus
2468 1313 2531 1364 de
2584 1321 2773 1364 sancto

421 1401 627 1464 Marco,
679 1417 832 1466 quem
883 1409 1008 1451 tunc
1052 1408 1102 1451 et
1139 1410 1348 1468 propter
1384 1402 1732 1452 eruditionem
1772 1409 1823 1452 et
1856 1409 2067 1470 propter
2107 1403 2229 1452 vitae
2268 1403 2623 1467 integritatem
2662 1420 2775 1452 om-

418 1505 513 1538 nes
545 1489 748 1539 honesti
799 1495 852 1540 et
894 1490 1126 1539 venetiis
1175 1498 1225 1540 et
1263 1491 1317 1538 in
1354 1488 1483 1540 urbe
1522 1490 1687 1540 Roma
1722 1490 1936 1556 plurimi
1975 1491 2240 1540 faciebant
2278 1497 2329 1538 et
2366 1492 2775 1548 venerabantur.

423 1577 526 1626 Hic
573 1593 691 1627 cum
739 1576 958 1628 vidisset
997 1585 1239 1628 naturam
1287 1578 1342 1627 in
1388 1577 1596 1630 Jacobo
1636 1577 1989 1628 doctrinarum
2027 1572 2274 1644 capacem
2312 1593 2456 1638 esse,
2508 1588 2657 1644 parte
2696 1579 2776 1628 la·

421 1664 564 1715 boris
604 1666 657 1714 in
704 1665 1066 1716 describendis
1112 1666 1309 1730 latinis·
1339 1667 1491 1717 libris
1539 1681 1653 1716 eum
1692 1665 1891 1716 levavit
1938 1673 1991 1716 et
2026 1667 2229 1716 discere
2267 1681 2493 1731 graecam
2533 1667 2775 1733 linguam

413 1752 590 1817 jussit.
665 1754 843 1805 Romae
891 1771 952 1805 eo
1005 1761 1236 1821 tempore
1281 1770 1444 1804 senex
1495 1755 1861 1821 Argyropylus
1900 1753 2264 1820 Thucydidem
2302 1753 2775 1820 interpretabatur?

421 1841 560 1890 hunc
608 1843 756 1891 multi
808 1842 1093 1892 cardinalis
1145 1849 1196 1892 et
1245 1841 1396 1892 m‘ulti
1445 1858 1629 1908 regum
1675 1849 1725 1892 et
1770 1843 2065 1908 principum
2113 1842 2273 1908 legati
2320 1849 2370 1892 et
2419 1843 2514 1892 alii
2568 1845 2772 1893 romani

423 1930 567 1978 cives
625 1931 694 1980 et'
729 1921 976 1996 hospites
1017 1930 1158 1980 docti
1213 1930 1510 1981 audiebant.
1587 1930 1752 1992 Quem
1801 1947 1919 1980 cum
1967 1931 2119 1980 avide
2170 1930 2405 1982 «Iacobus
2458 1931 2666 1982 audiret
2724 1941 2777 1982 ct
2822 1953 2841 1969 ν

423 2017 566 2068 domi
606 2019 716 2083 jam
766 2033 970 2084 graecos
1023 2018 1188 2073 libros
1229 2019 1386 2068 certis
1437 2019 1582 2068 horis
1628 2018 1861 2082 quotidie
1907 2017 2254 2080 describeret,
2307 2027 2359 2069 et
2396 2027 2553 2070 esset-
2584 2021 2639 2070 in
2698 2023 2773 2072 sa·

422 2105 570 2156 milia
608 2106 831 2170 erudita,
883 2123 986 2156 non
1036 2108 1248 2172 linguas
1289 2089 1487 2156 tantum
1527 2106 1743 2156 latinam
1784 2117 1835 2154 et
1870 2123 2097 2172 graecam
2134 2107 2386 2172 praeclare
2426 2108 2639 2172 didicit,
2682 2110 2777 2160 sed

423 2195 579 2244 etiam
606 2195 953 2262 philosophiae
993 2195 1143 2243 initia
1180 2195 1426 2260 percepit.
1470 2193 1681 2258 (darauf
1701 2193 1839 2259 folgt
1864 2195 1948 2243 die
1975 2175 2331 2261 angessnfipfte
2361 2195 2777 2248 bekanntschaft

421 2285 516 2333 mit
544 2283 798 2332 Reucblin
826 2284 929 2333 und
960 2283 1050 2332 der
1078 2283 1304 2344 bucher,
1339 2283 1422 2330 die
1449 2281 1621 2331 dieser
1646 2298 1747 2331 von
1776 2282 1885 2332 ihm
1912 2283 2174 2348 empfieng
2198 2298 2241 2333 s.
2274 2301 2320 2333 u.
2364 2287 2425 2334 10
2451 2287 2579 2334 Nov,
2617 2289 2775 2348 1514,

422 2371 613 2436 dann):
655 2372 785 2421 Cum
825 2378 1001 2420 autem
1037 2370 1392 2420 controversia
1433 2370 1723 2436 Capnionis
1760 2379 1901 2420 mota
1938 2378 2093 2437 esset,
2140 2371 2229 2420 hic
2265 2371 2505 2423 Jacobus
2545 2371 2771 2435 Queste-

420 2459 649 2526 bergine,
684 2475 880 2508 memor
919 2459 1108 2509 veteris
1145 2459 1408 2520 amicitiae,
1445 2474 1637 2524 magna
1677 2457 1779 2508 fide
1818 2457 1954 2524 apud
1992 2458 2221 2508 Leonem
2258 2460 2579 2524 pontificem,
2622 2463 2772 2527 apud

421 2546 756 2598 cardinalem
798 2547 1050 2598 venetum
1091 2547 1396 2597 Grimanum
1435 2553 1489 2596 et
1526 2547 1685 2609 alios,
1731 2547 1863 2596 tueri
1904 2545 2225 2612 Capnionem
2264 2549 2421 2613 coepit
2458 2560 2521 2598 ac
2558 2549 2683 2616 plus
2725 2552 2775 2600 ei

420 2636 574 2701 hujus
617 2635 773 2686 unius
813 2637 913 2686 viri
941 2638 1192 2686 autoritas
1221 2637 1435 2704 profuit,
1469 2651 1535 2686 ne
1560 2634 1871 2685 crudelitate
1898 2635 2271 2684 monachorum
2301 2636 2573 2698 deleretur,
2612 2655 2775 2702 quam
2876 2642 2887 2652 ⁸
2931 2691 2932 2698 χ

423 2739 608 2791 regum
649 2732 704 2775 et
739 2725 1032 2792 principum
1071 2726 1234 2776 literae
1274 2739 1391 2790 quae
1428 2740 1549 2774 eum
1587 2723 1751 2773 Leoni
1788 2723 2218 2774 commendarunt
2255 2724 2387 2790 (vgl.
2427 2741 2477 2776 u.
2530 2730 2591 2774 13
2633 2726 2773 2776 Juni

431 2816 588 2880 1515)
620 2814 722 2863 Diu
763 2815 900 2864 enim
941 2814 1116 2864 Romae
1155 2816 1358 2864 vixerat
1392 2813 1633 2864 Jacobus
1670 2821 1720 2862 et
1756 2811 1972 2878 publica
2007 2813 2221 2878 negotia
2258 2819 2426 2874 norat,
2465 2819 2519 2862 et
2554 2823 2775 2880 propter

422 2902 752 2968 prudentiam
790 2911 842 2952 et
880 2903 1206 2968 diligentiam
1253 2903 1305 2951 iu
1346 2901 1488 2952 omni
1536 2901 1712 2951 officio
1762 2915 1901 2966 saepe
1951 2917 1981 2950 a
2020 2901 2197 2950 Leone
2248 2907 2297 2950 et
2340 2915 2371 2948 a
2406 2900 2773 2954 cardinalibus

421 2991 486 3041 de
527 2992 749 3040 summis
786 2991 1018 3057 negotiis
1057 2989 1462 3052 consulebatur3
1514 3005 1547 3038 a
1591 2989 1761 3040 doctis
1809 2989 1967 3038 etiam
2004 2996 2217 3054 propter
2260 2989 2607 3040 eruditionem
2647 2992 2774 3044 dili-

421 3079 660 3144 gebatur.
741 3081 819 3128 Ac
857 3078 1232 3128 moderationis
1271 3079 1383 3141 ejus
1422 3077 1527 3129 hoc
1562 3092 1665 3128 non
1714 3077 1999 3128 obscurum
2048 3079 2409 3127 testimonium
2458 3084 2563 3141 est,
2624 3079 2775 3143 quod

421 3181 541 3216 cum
581 3166 780 3216 aditum
819 3166 1035 3216 baberet
1073 3166 1283 3217 facilem
1323 3167 1388 3216 ad
1429 3165 1759 3232 amplissima.
1794 3165 2096 3218 sacerdotia.
2133 3172 2185 3215 et
2218 3165 2286 3214 ad
2320 3182 2461 3232 opes,
2487 3172 2775 3218 contentus

421 3255 523 3304 fuit
575 3237 830 3304 mediocri
882 3254 1002 3304 loco
1056 3260 1107 3303 et
1145 3255 1357 3319 exiguis
1394 3253 1771 3318 facultatibus,
1823 3269 1955 3319 quas
1994 3253 2422 3316 ita-collocavit,
2480 3260 2537 3304 ut
2583 3255 2774 3308 multis

421 3344 689 3407 germanis
727 3342 1026 3408 hospitibus
1064 3343 1187 3392 inde
1226 3359 1378 3408 opem
1415 3343 1587 3392 ferret.
1652 3343 1855 3408 Corpus
1908 3343 2303 3392 reformatorum
2345 3343 2465 3392 VIII
2504 3343 2604 3394 col.
2646 3347 2774 3407 339.

371 3469 376 3476 .
423 3433 543 3482 340.
630 3429 1123 3482 Schriftstcllcrisch
1181 3431 1270 3480 hat
1318 3430 1433 3480 sich
1492 3431 1676 3493 Quest.
1730 3430 1893 3481 durch
1950 3431 2067 3480 eine
2117 3430 2210 3480 lat.
2267 3431 2623 3498 ubersetzung
2678 3432 2775 3482 der

422 3519 549 3568 tafel
603 3519 694 3569 des
748 3519 916 3569 Cebes
963 3519 1286 3583 (Miincbcn,
1335 3517 1453 3568 cod.
1501 3519 1593 3568 lat.
1645 3522 1764 3582 924,
1813 3518 1907 3568 fol.
1954 3521 2049 3568 129
2091 3518 2173 3568 bis
2228 3521 2349 3585 143)
2390 3519 2625 3570 bekannt
2678 3537 2772 3586 ge-

421 3608 624 3669 macbt3
663 3611 746 3658 cin
793 3609 1008 3674 gedicht
1049 3624 1149 3657 von
1189 3609 1298 3658 ihm
1338 3607 1434 3656 auf
1466 3607 1709 3674 Dalburg
1749 3609 1871 3670 (132
1912 3608 2163 3672 Hexam.)
2202 3606 2331 3655 Rom
2377 3609 2535 3669 1485,
2573 3608 2644 3657 ist
2680 3625 2774 3673 ge-

263 3744 270 3752 ,
353 3753 362 3758 ,
419 3697 614 3748 druckt·
649 3697 733 3746 bei
763 3699 934 3759 Mune,
975 3695 1489 3762 quellensammlung
1526 3713 1569 3745 z.
1612 3694 1731 3745 bad.
1765 3695 2135 3760 landesgesch.
2163 3695 2255 3756 111,
2282 3696 2467 3760 (1863)
2494 3712 2535 3745 s.
2570 3698 2667 3746 156
2698 3697 2775 3760 fg.

419 3787 482 3848 Q.
535 3785 636 3836 soll
697 3789 824 3835 1527
882 3785 968 3834 bei
1027 3785 1117 3838 der
1169 3787 1467 3849 eroberung
1520 3785 1677 3834 Roms
1726 3784 2009 3849 gestorben
2074 3785 2203 3832 sein.
2362 3787 2394 3832 4
2452 3783 2541 3833 Ich
2604 3785 2774 3835 theile

419 3873 599 3924 diesen
647 3873 788 3924 brief
819 3880 949 3924 trotz
988 3874 1078 3924 der
1113 3863 1376 3939 ,gei-ingen
1415 3872 1745 3937 wichtigkeit
1784 3872 1956 3924 seines
1994 3871 2191 3923 inhalts
2230 3887 2409 3937 wegen
2450 3871 2539 3922 der
2578 3872 2773 3924 bede-u-

420 3968 550 4027 tung
597 3963 715 4023 mit,
765 3963 966 4012 welche
1017 3963 1080 4024 Q.
1123 3963 1206 4012 fiir
1258 3962 1342 4010 die
1391 3961 1701 4027 geschichte
1740 3959 2027 4011 Reuchlins
2066 3959 2171 4008 und
2212 3959 2304 4010 des
2340 3959 2771 4012 Reuchlinschen

421 4052 644 4100 streitcs‘
667 4051 875 4108 besitzt.

572 4143 588 4186 1
635 4137 886 4204 vestrum]
929 4138 1064 4186 Dass
1103 4137 1362 4188 Reuchlin
1402 4139 1495 4188 mit
1527 4138 1769 4203 Ludwig,
1806 4138 1973 4186 einem
2003 4137 2331 4186 natiirlichen
2360 4137 2495 4187 sobn
2522 4138 2615 4190 des
2657 4139 2773 4189 her·

419 4241 549 4290 zogs
585 4225 871 4286 Eberhard,
909 4225 994 4275 die
1032 4229 1166 4276 reise
1205 4227 1340 4277 nach
1383 4227 1515 4277 Rom
1553 4235 1951 4276 unternommen
1992 4225 2103 4286 bat,
2144 4225 2277 4276 habe
2318 4226 2401 4278 ich
2444 4227 2523 4278 als
2562 4244 2771 4278 vermu-

420 4313 588 4378 thung
630 4313 936 4378 hingestellt
975 4316 1027 4362 in
1067 4313 1188 4364 Mel.
1231 4317 1416 4365 oratio.
1457 4331 1499 4364 s.
1540 4318 1626 4365 26.
1693 4316 1832 4366 Das-s
1867 4313 2039 4363 dieser
2076 4305 2219 4364 brief
2248 4313 2339 4363 des
2378 4315 2772 4382 Questemberg

419 4403 572 4452 einen
615 4403 976 4467 liauptbeweis
1016 4403 1098 4451 fiir
1135 4398 1422 4453 Reuchlins
1451 4408 1535 4454 2te
1564 4401 1901 4454 italianische
1928 4405 2063 4452 reise
2098 4403 2289 4466 liefert,
2337 4407 2469 4454 1490
2496 4381 2580 4454 bis
2615 4407 2773 4468 1491,

423 4490 509 4542 die
545 4491 724 4542 t'riiher
761 4490 1059 4542 bezweifelt
1097 4492 1302 4555 warde,
1341 4493 1414 4542 ist
1449 4508 1495 4544 a.
1536 4507 1584 4542 a.
1622 4508 1671 4544 ο.
1712 4507 1754 4542 s.
1797 4495 1865 4542 22
1902 4494 2129 4559 gezeigt.
