2950 5042
1277 397 1364 466 25

197 593 387 675 lingua
428 611 632 675 graeca
680 589 1196 656 differenciorum
1233 589 1254 630 ¹
1288 587 1639 666 editorum,
1702 605 1895 672 quam
1948 585 2101 652 olim
2146 607 2288 651 cnm
2322 581 2499 670 apud

197 699 459 762 Pariseos
505 698 566 761 in
613 697 826 780 galliis
871 696 1224 760 hiemarem
1275 695 1318 773 ²,
1383 715 1464 758 ex
1512 692 1839 777 plerisque
1884 691 2217 777 praeclaris
2278 697 2502 756 aucto-

197 803 376 882 ribus,
433 802 805 868 Planuelem
853 799 1026 880 dico,
1074 805 1142 864 et
1187 798 1535 883 Georgium
1584 796 2069 876 Chirobuscum‚
2135 795 2501 862 Theodore-

197 913 434 991 tumque
481 929 556 972 ac
603 907 770 974 alios
816 893 1274 989 grammaticos
1303 903 1643 968 collectam
1674 923 1799 968 non
1832 902 1969 968 sine
2014 902 2245 986 insigni
2284 921 2502 986 perse-

195 1014 460 1076 verancia
507 1019 682 1078 totas
729 1011 812 1078 ad
861 1011 1192 1075 lucernam
1241 1014 1464 1074 noctes
1513 1007 1869 1074 lucubravi.
1964 1007 2129 1086 Quia
2174 1027 2329 1072 vero
2376 1027 2499 1072 cm·

197 1124 449 1182 terorum
497 1117 658 1182 nihil
704 1115 1010 1200 possideo
1057 1136 1185 1199 quo
1231 1121 1298 1178 te
1347 1111 1679 1184 oblectare
1726 1117 1967 1196 putem,
2028 1110 2283 1196 speravi
2324 1111 2501 1195 equi-

197 1223 316 1286 dem
357 1222 452 1287 vel
500 1245 580 1286 ex
625 1221 748 1286 hoc
797 1221 1027 1286 saltem
1075 1219 1456 1284 munusculo
1499 1223 1564 1282 te
1598 1238 1983 1300 cognoscere
2014 1217 2500 1282 observanciam

195 1327 246 1390 in
287 1334 343 1392 te
386 1348 596 1393 meam
641 1327 820 1391 illam
867 1323 1338 1390 admirandam.
1429 1324 1663 1408 Itaque
1710 1342 1859 1387 mox
1905 1321 2218 1388 idiomata
2272 1321 2504 1407 dijudi-

197 1453 399 1498 camus,
495 1431 656 1498 Vale
703 1431 995 1515 pontifex
1041 1451 1246 1494 sacer.

347 1547 373 1602 1
401 1561 483 1598 =
504 1540 835 1600 Handschr.
855 1540 1066 1614 Stuttg.
1089 1539 1146 1598 k.
1172 1545 1225 1598 ὀ.
1247 1539 1384 1598 bibl.
1407 1555 1454 1597 s.
1480 1555 1533 1598 o.
1552 1537 1788 1610 xx11³=;
1822 1535 1920 1596 fol.
1946 1539 2044 1609 6⁵¹3
2080 1535 2384 1616 (abschrist
2400 1535 2504 1596 des

196 1648 302 1706 Nik.
330 1645 704 1722 Bassellius);
756 1649 792 1704 2
828 1667 912 1702 --.-.
947 1645 1116 1704 Basel
1149 1661 1195 1704 s,
1233 1662 1285 1704 o.
1321 1643 1555 1718 xxna;
1610 1641 1710 1702 fol.
1750 1639 1889 1704 35b.

1215 1823 1454 1890 XXIII.

309 1916 451 1967 Rom.
1962 1917 1981 1962 1
2024 1913 2237 1978 August
2280 1913 2429 1962 1⁴90.

194 2019 492 2096 Jacobus
528 2018 872 2096 Aurelius
911 2017 1004 2094 de
1041 2017 1575 2118 Questemberg
1606 2017 1654 2114 ³,
1714 2017 2185 2092 Decretorum
2226 2015 2501 2090 Doctor

195 2155 250 2216 et
288 2144 628 2219 Brevium
673 2142 1248 2244 apostolicorum
1297 2141 1541 2215 scriba
1577 2141 1630 2216 J
1634 2140 1859 2214 oanni
1908 2139 2267 2214 Reuchlin
2318 2139 2501 2213 Illu-

227 2268 368 2340 stris
408 2266 715 2341 Comitis
753 2265 1444 2364 Wirtembergensis
1484 2263 1779 2339 Oratori
1816 2276 1888 2336 et
1924 2261 2361 2336 Consiliario
2396 2259 2443 2334 ⁴.

338 2413 674 2497 Magnifice
723 2412 820 2478 vir
867 2418 933 2478 et
966 2411 1196 2478 doctor
1228 2411 1769 2478 excellentissime
1799 2410 1993 2476 salve.
2068 2407 2277 2474 Hodie
2312 2427 2503 2474 mane

188 2519 355 2600 paulo
400 2526 551 2604 post
599 2517 826 2584 horam
875 2517 1282 2584 undecimam
1328 2540 1474 2584 cum
1524 2518 1621 2584 tui
1669 2515 1913 2582 visendi
1960 2514 2173 2599 gratia
2216 2513 2499 2580 diverso-

1323 2653 1358 2692 R

313 2751 332 2794 1
378 2747 480 2796 Der
526 2747 668 2796 brief
701 2747 768 2796 iat
817 2745 904 2795 die
941 2745 1158 2795 von-ede
1197 2761 1260 2795 zu
1309 2747 1401 2796 der
1435 2745 1647 2796 schrift:
1706 2745 1780 2794 De
1818 2753 2041 2809 quatuor
2086 2759 2273 2808 graecae
2310 2741 2506 2809 lingua

189 2831 490 2884 differentiiS.
639 2841 666 2884 2
710 2835 992 2886 hiemarem
1044 2835 1227 2884 winter
1280 2839 1409 2884 1477
1452 2835 1535 2884 bis
1582 2835 1713 2884 1478
1767 2833 2031 2882 zwiacluen
2072 2829 2226 2880 Base!
2268 2830 2373 2880 und
2412 2832 2507 2881 Or·

189 2919 339 2986 lenus,
382 2924 588 2973 sreilich
639 2923 922 2974 hochstens
976 2923 1060 2973 bis
1104 2924 1227 2973 Jan.
1283 2927 1433 2974 1478.
1508 2908 1653 2972 fiber
1696 2919 1971 2971 Planuelis
2008 2919 2146 2970 finde
2184 2919 2271 2970 ich
2308 2919 2507 2980 nichts;

193 3009 419 3076 Georgius
457 3011 864 3063 choeroboskos
903 3011 1290 3075 (schweinhirt,
1342 3011 1620 3061 beinamen
1660 3010 1767 3059 ihm
1808 3025 1907 3061 von
1946 3011 2129 3060 seinen
2168 3009 2378 3059 scinden
2418 3023 2508 3074 ge·

191 3097 361 3162 geben,
411 3099 658 3149 wahrond
709 3101 854 3150 seine
907 3099 1123 3150 frennde
1175 3100 1266 3149 ibn
1311 3098 1535 3167 τεχνικός
1586 3104 1837 3162 ιιοηηῐεη)
1889 3097 2031 3148 lebte
2086 3098 2155 3146 im
2208 3103 2239 3147 4
2297 3097 2424 3148 oder
2474 3100 2507 3148 5

73 3223 79 3230 .
185 3185 334 3246 jahrb.
370 3188 474 3238 und
511 3189 582 3238 ist
621 3188 750 3238 vers.
789 3189 954 3237 violer
977 3189 1262 3249 kleineren,
1302 3186 1744 3252 grammatischen
1781 3186 2053 3246 schriften,
2093 3185 2177 3236 die
2216 3203 2351 3251 ganz
2380 3185 2509 3236 oder

191 3273 234 3320 in
267 3277 580 3342 fragmenten
621 3283 877 3326 zerstreut
914 3277 1150 3326 erhalten
1189 3275 1332 3337 sind3
1371 3277 1454 3324 ein
1493 3275 1867 3340 grammntiker
1903 3273 2202 3324 'l'heodoret
2240 3273 2339 3324 soll
2380 3273 2511 3323 iiber

194 3363 446 3426 aspiration
489 3364 834 3430 gescbrieben
873 3364 1065 3427 haben,
1103 3374 1287 3414 πονοι]
1328 3379 1428 3412 nur
1465 3364 1671 3428 wenige
1710 3363 2067 3414 bruchstiicke
2107 3363 2340 3413 bekannt
2370 3361 2507 3412 sind.

193 3451 218 3496 3
253 3451 342 3502 Fur
365 3452 776 3518 Quiestembergs
814 3452 966 3502 leben
1007 3469 1129 3518 mag
1166 3452 1412 3517 folgende
1451 3451 1605 3503 stelle
1633 3451 2037 3502 Melancluhons
2076 3440 2338 3518 geniigen.
2401 3453 2509 3501 Me-

192 3535 449 3591 lanchthon
501 3551 622 3608 sagt
672 3542 726 3589 iu
778 3542 872 3591 der
920 3541 1135 3591 vorrede
1180 3556 1244 3590 zu
1295 3540 1472 3590 Procli
1510 3539 1845 3607 paraphrasis
1884 3541 1937 3588 in
1977 3549 2201 3605 quatuor
2236 3538 2509 3589 Ptolemaei

193 3623 333 3677 libros
368 3629 430 3679 do
467 3630 707 3679 Siderum
749 3630 1132 3680 effectionibus.
1204 3629 1362 3679 Basel
1401 3631 1466 3692 (s.
1510 3632 1561 3692 a.)
1602 3631 1676 3678 80.
1725 3631 1858 3678 1554
1913 3633 1933 3678 ι
1978 3629 2117 3694 Sept.
2157 3643 2221 3677 an
2264 3628 2410 3677 llier.
2456 3643 2508 3678 v-

194 3713 580 3779 Kommerstadt,
633 3717 726 3767 der
775 3719 885 3767 ihm
941 3717 1023 3767 die
1079 3733 1180 3768 von
1223 3718 1591 3784 Questenberg
1642 3717 1991 3766 herriilnrende
2044 3715 2371 3766 handaein·ift
2420 3731 2509 3782 ge·

193 3803 386 3855 schenkt
435 3807 606 3859 hatte:
659 3807 735 3856 Eo
783 3813 954 3856 nutem
1010 3805 1116 3856 vidi
1170 3805 1424 3855 libentius
1471 3806 1766 3874 exemplum
1822 3814 1991 3866 tuum,
2048 3806 2171 3869 qnia
2216 3821 2338 3854 mox
2390 3820 2509 3854 cum

195 3893 371 3956 aspexi,
405 3895 598 3944 Jacobi
643 3894 1009 3958 Questcbergii
1048 3909 1257 3943 manum
1297 3897 1515 3960 agnovi,
1572 3896 1722 3958 cujus
1764 3895 1859 3942 viri
1902 3893 2263 3943 recor-dminus
2302 3902 2513 3959 propte-r

193 3980 356 4031 multas
391 3999 576 4033 causas
619 3983 850 4034 delector
887 3993 937 4032 et
977 3984 1279 4032 memoriam
1320 3985 1572 4035 virtutum
1614 3985 1777 4050 ipsius
1818 3981 2020 4032 tradere
2066 3982 2291 4049 posteris
2324 3982 2510 4049 cupio,

195 4071 307 4130 qnod
354 4081 522 4121 tamen
569 4073 682 4137 ipse
733 4073 842 4122 suis
881 4073 1094 4137 scriptia
1134 4072 1296 4122 multo
1339 4072 1529 4122 melius
1568 4073 1739 4122 facere
1778 4071 2048 4137 potuisset.
2127 4073 2289 4121 Natus
2330 4071 2381 4120 in
2422 4087 2510 4138 op-

193 4158 292 4219 pido
327 4160 598 4226 Friberga,
635 4176 755 4210 cum
793 4162 844 4210 in
889 4161 1060 4225 patria.
1097 4160 1368 4210 academia
1405 4161 1639 4226 linguam
1678 4161 1899 4211 latinam
1936 4170 1989 4210 et
2026 4161 2120 4210 illa
2159 4159 2511 4227 philosophia

191 4245 321 4296 initia
355 4249 651 4310 didicisset,
699 4264 818 4314 quae
857 4261 980 4299 tunc
1019 4248 1385 4311 tradebantur,
1431 4250 1613 4298 nescio
1652 4265 1753 4313 qna
1790 4249 2071 4298 occasionn
2114 4251 2327 4300 Romam
2369 4248 2512 4296 venit

189 4333 450 4386 Alexandri
489 4338 755 4403 pontificis
794 4346 1043 4402 tempore.
1119 4338 1220 4388 Ubi
1262 4345 1536 4404 propterea
1574 4337 1713 4402 quod
1750 4349 1799 4386 et
1836 4339 2107 4402 eleganter
2143 4335 2397 4402 pingebat
2434 4335 2511 4384 la-

191 4422 308 4472 tinns
351 4426 528 4476 literas
575 4436 628 4475 et
679 4426 902 4476 latinum
950 4441 1241 4475 sermonem
1292 4427 1466 4475 minus
1515 4425 1721 4476 horride
1760 4425 2153 4491 pronuntiabat,
2206 4439 2362 4488 quam
2402 4422 2508 4471 usi-

191 4519 336 4564 tatum
369 4523 446 4566 est
483 4515 639 4566 nobis
676 4515 730 4565 in
771 4516 1055 4568 Germania
1088 4517 1226 4566 natis
1266 4521 1318 4564 et
1355 4512 1547 4564 deinde
1583 4515 1648 4565 ad
1686 4529 1871 4564 sonum
1922 4520 2181 4578 agrestem
2234 4510 2508 4561 adsueran-
