2950 5042
1337 374 1468 443 279

229 562 330 631 illo
355 568 582 633 tamen
629 562 886 651 planius
915 563 1357 651 intelligerent
1401 566 1575 633 inter
1621 587 1783 655 quos
1813 566 2093 655 quadam
2137 573 2328 637 nocte
2370 567 2564 637 simul

232 690 478 737 eramus
516 669 844 757 praecipue
891 669 1163 739 illustris
1205 693 1384 740 novae
1431 672 1667 759 aquilae
1712 692 1927 741 eomes
1964 674 1983 713 ¹
2003 722 2022 755 ,
2070 674 2111 741 J
2114 672 2399 741 ohannes
2443 674 2563 741 Ca-

228 774 530 863 pellarius
579 776 744 844 alias
793 776 874 845 de
910 777 1106 863 Regio
1139 777 1311 863 Pago
1361 785 1428 845 et
1473 778 1793 847 Henricus
1842 778 2219 847 Moneeeros
2266 779 2429 849 alias
2477 781 2558 849 de

227 881 504 949 Wesalia
527 882 554 921 ²
602 889 806 949 totam
855 884 1034 951 illam
1079 890 1336 953 noctem
1381 891 1601 953 tecum
1645 886 2093 969 transegimus,
2186 886 2423 969 Crede,
2468 888 2562 955 mi

225 988 538 1073 Capnion,
618 1010 830 1075 neque
878 988 1060 1071 fatis,
1127 1010 1340 1077 neque
1404 989 1685 1059 humano
1754 990 2019 1057 consilio
2068 992 2374 1073 evenisse,
2447 993 2564 1059 sed

224 1094 429 1161 divina
475 1094 701 1181 potius
747 1096 1181 1181 providentia,
1229 1103 1304 1163 ut
1337 1095 1491 1165 talis
1538 1102 1852 1183 tantaque
1900 1099 2341 1165 controversia
2387 1098 2560 1167 inter

221 1207 278 1266 te
323 1208 388 1267 et
435 1201 924 1287 theosophistas
969 1201 1378 1269 adversarios
1423 1208 1575 1271 tuos
1622 1200 2047 1282 suboriretur,
2095 1203 2353 1290 quando
2400 1203 2557 1273 alio-

225 1308 326 1393 qui
371 1307 673 1395 qnisquis
723 1308 894 1374 alius
941 1307 997 1374 is
1041 1306 1276 1375 fuisset
1318 1314 1563 1393 praeter
1607 1314 1707 1388 te,
1766 1306 2221 1376 succubuisset
2266 1310 2541 1391 omnine,

217 1420 278 1477 et
320 1414 374 1479 si
421 1434 555 1479 non
603 1414 862 1493 virtute,
908 1414 1322 1480 multitudine
1371 1420 1590 1481 tamen
1638 1418 1707 1479 et
1751 1413 1949 1481 turba
1992 1423 2359 1499 superatus.
2452 1418 2557 1484 Ita

218 1542 326 1587 nee
385 1524 617 1605 potest
677 1519 814 1587 falli
871 1521 1076 1601 Deus,
1119 1518 1278 1585 “nec
1332 1519 1506 1586 fallit
1562 1541 1867 1607 unquam.
1970 1522 2212 1589 Doctor
2271 1522 2557 1591 Sesseler

216 1648 350 1693 cum
395 1625 552 1691 hinc
601 1624 728 1692 alio
791 1626 1185 1711 migraturus
1245 1631 1438 1705 esset,
1484 1624 1553 1691 id
1612 1625 1784 1713 quod
1833 1625 2080 1693 dolenti
2125 1627 2339 1693 animo
2388 1628 2547 1711 fere,

219 1732 449 1819 quippe
500 1732 617 1819 qui
663 1733 760 1797 vir
809 1738 910 1798 est
955 1732 1237 1819 optimus
1285 1737 1352 1797 et
1406 1732 1895 1817 integerrimus,
1959 1734 2337 1819 priusquam
2400 1758 2550 1821 pro-

217 1837 616 1906 ficisceretur
661 1859 764 1905 me
811 1838 1229 1918 commonuit,
1294 1843 1369 1903 ut
1415 1837 1538 1905 sibi
1588 1835 1686 1903 vel
1744 1838 2113 1923 epistolium
2158 1838 2423 1925 aliquod
2468 1840 2556 1907 ad

217 1952 275 2009 te
319 1944 574 2013 darem.
667 1943 853 2023 Quod
913 1942 1212 2029 equidem
1258 1943 1385 2009 feci
1446 1966 1642 2029 quam
1701 1943 2153 2025 libentissime,
2217 1967 2347 2013 non
2417 1953 2553 2014 tam

219 2051 345 2137 ejus
405 2071 616 2140 quam
663 2057 730 2115 et
774 2070 920 2115 mea
977 2049 1180 2135 ipsius
1236 2070 1452 2116 causa.
1546 2050 1651 2116 Sic
1700 2051 1869 2115 enim
1917 2051 2037 2117 tibi
2082 2072 2337 2137 semper
2382 2074 2557 2118 eom-

215 2157 504 2223 mendari
553 2155 761 2241 cupio.
856 2155 1147 2241 Reliquit
1193 2161 1260 2221 et
1304 2176 1421 2221 nos
1465 2155 1663 2240 paulo
1713 2162 1866 2221 ante
1920 2157 2203 2241 Phugius
2262 2165 2483 2225 noster
2503 2159 2553 2240 ³,

216 2262 394 2329 homo
419 2285 553 2329 non
589 2263 685 2328 tui
717 2262 906 2327 modo
941 2261 1472 2341 studiosissimus,
1513 2268 1586 2328 ut
1617 2268 1794 2327 certe
1829 2268 1946 2343 est,
1994 2263 2111 2328 sed
2158 2269 2224 2329 et
2271 2265 2553 2331 omnium

211 2368 728 2437 doctissimorum
775 2368 1132 2449 hominum,
1180 2373 1255 2434 ut
1301 2375 1368 2433 et
1409 2368 1549 2453 ipse
1601 2374 1719 2435 est.
1770 2370 1846 2435 Ei
1891 2370 1976 2435 ad
2023 2370 2556 2454 Pyrkheimerum

210 2482 514 2556 nostrum,
548 2496 770 2540 rarum
801 2475 972 2540 inter
1004 2474 1360 2539 Germanos
1389 2475 1795 2557 miraculum,
1842 2476 2067 2543 literas
2100 2476 2273 2558 dedi,
2319 2478 2553 2563 quibus

209 2588 268 2645 et
309 2580 402 2647 illi
447 2580 734 2647 indicavi
781 2580 957 2665 apud
1003 2602 1119 2647 nos
1166 2580 1462 2647 libellum
1508 2581 1869 2647 Nazareni⁴
1916 2582 2545 2665 theologi.Caesareae

211 2686 537 2772 Majestati
587 2686 982 2752 destinatum
1016 2686 1266 2766 excudi,
1314 2709 1508 2772 quem
1542 2694 1607 2753 et
1638 2687 2026 2754 adhortatus
2075 2710 2203 2753 una
2248 2710 2412 2769 sum,
2454 2690 2554 2757 uti

213 2792 535 2879 dialogum
585 2792 766 2857 illum
813 2792 1100 2872 Lueiani,
1148 2792 1228 2859 de
1271 2816 1399 2879 quo
1444 2794 1607 2859 alias
1654 2792 1809 2859 mihi
1856 2794 2135 2878 scripsit,
2183 2794 2374 2860 titulo
2422 2797 2550 2879 pis-

211 2906 384 2967 cator
417 2922 544 2967 seu
573 2898 986 2965 resuscitati⁵
1029 2900 1096 2964 in
1148 2900 1358 2966 lucem
1387 2899 1654 2965 tandem
1701 2898 1841 2980 det,
1874 2899 2135 2985 quando
2185 2900 2433 2967 scilieet
2482 2908 2552 2991 et

210 3005 338 3090 ipse
381 3026 610 3073 mores
653 3004 792 3073 fere
852 3006 1159 3091 exprimit
1205 3006 1444 3092 quibus
1492 3006 1699 3072 nostri
1744 3006 2229 3091 Theosophistae
2274 3008 2339 3073 in
2387 3007 2535 3074 doe-

209 3112 531 3180 tissimum
569 3133 890 3197 quemque
940 3118 1232 3180 utuntur.
1281 3111 1521 3197 Accepi
1558 3112 1644 3178 ab
1675 3113 1944 3179 Erasmo
1991 3120 2215 3181 nostro
2238 3114 2263 3153 ⁶
2318 3115 2543 3182 literas

1362 3261 1396 3298 *

351 3362 370 3405 1
416 3356 691 3405 Hermann
733 3368 834 3402 von
880 3350 1148 3413 Nuenaar,
1206 3350 1312 3417 vgl.
1377 3350 1619 3417 Becking
1671 3352 1870 3418 suppl„
1925 3350 2031 3403 vol.
2084 3352 2165 3414 ΙΙ,
2216 3368 2257 3403 s.
2317 3356 2419 3403 428
2474 3355 2548 3417 fg.

216 3446 240 3491 2
277 3430 422 3495 fiber
481 3441 738 3493 Heinrich
778 3440 1037 3504 Einhorn,
1086 3440 1196 3507 vgl.
1238 3439 1407 3489 Krafft
1457 3438 1564 3489 und
1591 3440 1862 3491 Creeelius
1889 3440 2129 3507 beitrage
2166 3458 2211 3491 z.
2236 3440 2417 3506 geseh.
2458 3440 2550 3491 des

215 3531 576 3583 humanismus
624 3547 709 3579 sm
750 3529 1127 3591 Niederrhein,
1165 3527 1435 3579 Elberfeld
1483 3530 1643 3591 1870,
1680 3545 1723 3579 s.
1765 3532 1847 3578 47.
1996 3529 2029 3583 3
2065 3528 2318 3596 l’hugius]
2359 3529 2559 3594 Fugiun

217 3619 298 3669 der
324 3622 463 3672 oben
496 3623 562 3670 30
591 3620 730 3686 Sept.
767 3622 898 3669 1514
925 3617 1206 3668 erwithnte.
1248 3616 1370 3667 Nro.
1398 3616 1605 3667 CXCII.
1752 3622 1784 3666 4
1812 3615 2073 3666 Libellum
2110 3618 2385 3686 Nazareni]
2425 3618 2555 3669 iiber

217 3708 352 3761 diese
391 3707 1023 3775 vertheidigungssehrift
1061 3706 1152 3757 des
1193 3706 1452 3771 Georgius
1490 3706 1757 3771 Benignus
1792 3705 1875 3755 fiir
1904 3705 2177 3766 Reuehlin,
2217 3706 2325 3770 vgl.
2355 3705 2556 3758 Reueh-

217 3797 284 3849 lin
322 3818 364 3850 s.
404 3804 505 3850 401
550 3798 602 3848 ff.
682 3798 781 3849 Die
821 3796 1038 3846 vorrede
1079 3794 1271 3845 Martin
1312 3795 1579 3863 Gronings
1617 3808 1684 3843 zu
1722 3792 1813 3843 der
1856 3793 2042 3844 schrift
2070 3795 2151 3851 ‚ist
2190 3810 2307 3843 vom
2354 3800 2375 3843 1
2418 3795 2555 3863 Aug.

224 3890 365 3938 1517.
515 3888 547 3937 5
590 3887 691 3936 Seu
729 3886 1108 3936 reviviscentes
1148 3883 1312 3935 lautet
1351 3882 1442 3933 der
1480 3882 1755 3933 wirklielie
1783 3882 1897 3932 titel
1934 3880 2026 3932 der
2064 3899 2166 3933 von
2196 3882 2557 3935 Pirekheimer

223 3976 378 4027 zoor.
414 3976 546 4025 1517
579 3975 817 4025 wirklich
849 3972 1303 4025 veroffentlichten
1333 3971 1536 4036 schrift,
1564 3972 1655 4023 der
1680 3973 1763 4021 ein
1793 3970 1914 4022 sehr
1935 3971 2341 4035 ausfiibrliehes,
2366 3972 2448 4022 fiir
2470 3972 2557 4023 die

223 4064 600 4115 reuchlinisehe
628 4064 1034 4130 angelegenlieit
1061 4062 1339 4129 ungemein
1374 4060 1649 4127 wichtiges
1677 4058 1954 4109 schreiben
1985 4059 2335 4110 Pirkheimers
2363 4076 2426 4109 an
2457 4062 2554 4110 Lo·

222 4166 340 4202 rens
354 4153 569 4203 Behaim
599 4152 691 4217 (30
721 4155 857 4218 Aug,
891 4152 1048 4219 1517)
1077 4148 1525 4215 vorangesehiekt
1554 4150 1637 4211 ist,
1664 4147 1774 4214 vgl.
1802 4146 2059 4198 Reuehlin
2086 4162 2129 4198 s.
2158 4148 2258 4199 395
2286 4150 2336 4199 ff.
2414 4151 2443 4198 6
2472 4148 2553 4201 Ab

221 4238 454 4311 Erasmo]
495 4242 584 4292 der
624 4240 764 4291 brief
795 4240 887 4291 des
924 4241 1174 4290 Erasmus
1217 4256 1280 4289 an
1309 4238 1559 4289 Casarius
1612 4238 1671 4287 16
1711 4240 1851 4303 Aug.
1898 4238 2056 4299 1517,
2104 4236 2382 4304 (Boekinffi
2426 4239 2557 4288 Hut-

225 4329 327 4379 teni
366 4348 522 4397 opera
560 4331 599 4392 1,
638 4346 681 4380 s.
727 4333 842 4389 149,
887 4330 1028 4394 150),
1068 4327 1273 4379 euthalt
1311 4343 1409 4377 nur
1447 4328 1563 4377 eine
1605 4326 1891 4392 erklarung
1926 4342 2096 4393 gegen
2136 4324 2220 4375 die
2258 4342 2370 4393 epp.
2412 4326 2555 4379 obse.

226 4417 340 4479 vir.;
389 4420 514 4469 iiber
555 4418 807 4468 Reuehlin
847 4434 944 4469 nur
990 4416 1075 4467 die
1115 4423 1298 4471 worte:
1351 4416 1413 4465 de
1461 4416 1751 4483 composita
1799 4414 1893 4467 lite
1931 4414 2305 4465 Reuehlininea
2354 4416 2553 4466 utinam

228 4522 340 4565 vere
401 4509 627 4565 nunties.
725 4509 822 4565 Die
869 4506 1033 4564 briefe
1094 4506 1185 4561 des
1235 4506 1485 4560 Erasmus
1538 4505 1667 4557 iiber
1718 4504 2003 4571 Reuehlin‚
2065 4503 2148 4557 die
2201 4502 2550 4557 dunkelmlin-
