2950 5042
1547 356 1671 423 102

426 552 657 640 jubeto
702 556 852 617 utut
895 548 1073 617 voles
1118 553 1188 613 et
1231 548 1469 616 valeas.
1558 549 1659 614 Ex
1705 545 2082 631 Stutgardia
2130 552 2187 611 7.
2233 542 2565 611 Kalendas
2609 541 2771 610 Feb-

434 658 650 725 ruaris
679 678 849 723 anno
888 660 1077 722 1507.

1111 758 1395 827 Joannes
1441 757 1780 839 Reuchlin,
1826 757 2213 824 Phorcensis
2258 755 2384 822 LL.
2434 754 2684 821 doctor.

624 878 651 931 1
690 891 773 928 =
804 871 1008 931 Basler
1051 868 1564 939 universitatsbibl.
1605 868 1914 929 hand-sehr.
1948 867 2000 927 G
2038 868 2114 927 11.
2154 870 2270 928 13ει
2313 881 2437 925 nro.
2475 867 2577 924 59.
2653 864 2771 924 Ab·

437 976 643 1041 schrift
670 994 784 1037 von
813 976 960 1035 Karl
990 974 1264 1035 Buxtorfs
1300 977 1466 1034 1841
1513 974 1661 1035 nach
1700 972 1829 1033 dem
1872 974 2091 1033 damals
2129 988 2316 1048 gegen
2359 971 2578 1031 andere
2608 974 2772 1030 auto-

433 1084 693 1161 graphon
723 1080 1129 1143 vertauschten
1160 1080 1460 1156 originale.

1392 1239 1831 1344 Lxxxx‘vn.

582 1386 860 1453 stuttgart.
2251 1382 2313 1431 12
2353 1378 2505 1447 April
2549 1383 2706 1431 150⁷.

436 1492 493 1569 J
492 1490 721 1568 oanni
783 1486 1331 1564 Amorbacchio
1394 1486 1814 1588 impressori
1874 1485 2264 1560 Basiliensi
2329 1484 2774 1561 amicissimo

996 1636 1127 1685 suo
1186 1609 1333 1713 [JO.
1392 1608 1788 1713 Reuchlin]
1843 1608 1918 1685 S.
1977 1610 2066 1683 D.
2125 1610 2208 1683 P.

617 1760 805 1839 Quod
866 1758 953 1824 ad
1017 1764 1083 1825 te
1144 1757 1435 1824 crebrius
1500 1777 1693 1841 quam
1760 1756 2038 1822 fortasse
2102 1754 2260 1821 velis
2308 1755 2388 1821 de
2434 1776 2508 1820 re
2553 1776 2705 1821 mea
2753 1758 2775 1795 ¹

434 1865 680 1945 scribo,
737 1866 1034 1948 ignoscas
1094 1862 1517 1949 impatientiae
1576 1882 1736 1927 meae
1801 1883 1944 1946 quae
2000 1867 2185 1929 tanto
2233 1867 2506 1945 augetur
2549 1861 2775 1945 magis,

436 1978 699 2057 quanm,
750 1969 905 2054 quid
952 1969 1110 2034 mihi
1140 1968 1219 2034 de
1253 1969 1437 2034 libris
1468 1969 1629 2034 meis
1661 1968 1978 2051 agendum
2009 1967 2113 2047 sit,
2159 1969 2370 2034 minus
2402 1967 2534 2033 scio
2567 1967 2776 2053 quoti·

435 2075 670 2159 dieque
733 2075 1173 2140 vehementius
1243 2080 1512 2158 expecto
1578 2074 1803 2139 literas
1850 2079 1998 2139 tuas
2043 2073 2318 2139 hominis
2362 2073 2521 2138 mihi
2564 2072 2776 2139 instar

432 2181 702 2247 Achatis
758 2178 1070 2245 fidissimi.
1163 2180 1329 2245 Nam
1394 2202 1605 2265 neque
1652 2179 1932 2245 Thomas
1982 2180 2006 2218 2
2066 2180 2419 2264 impressor
2474 2200 2580 2245 me
2641 2200 2774 2245 cer-

431 2285 666 2351 tiorem
696 2284 870 2365 facit,
906 2291 973 2349 et
1003 2286 1187 2370 quasi
1218 2284 1765 2370 pythagorizaret,
1811 2306 1929 2351 nec
1961 2284 2251 2371 loquitur
2297 2304 2507 2370 neque
2541 2306 2774 2351 renun-

431 2391 567 2456 ciat
597 2390 961 2475 quicquam.
1010 2390 1351 2456 Contrario
1383 2412 1634 2457 mecum
1668 2392 1874 2457 utitur
1910 2412 2089 2457 more
2123 2412 2309 2457 secus
2341 2398 2539 2476 atque
2576 2413 2775 2477 quon-

430 2494 600 2561 dam.
664 2495 937 2579 ·Antea‚
998 2495 1151 2561 dum
1213 2517 1299 2563 aes
1350 2497 1748 2581 erogandum
1794 2496 1952 2577 fuit,
2017 2498 2240 2581 accepi
2287 2504 2773 2565 momentaneas

432 2621 675 2685 easque
734 2599 1047 2684 plurimas
1108 2601 1192 2666 ab
1256 2623 1331 2667 eo
1390 2602 1637 2668 literas
1730 2602 1914 2667 Nunc
1963 2605 2113 2688 posi.
2158 2624 2434 2667 messem
2481 2603 2774 2687 speranti

435 2707 685 2773 fructus
732 2728 858 2771 non
892 2706 1102 2771 dicam
1151 2709 1395 2792 rumpit
1424 2706 1638 2788 fidem,
1686 2708 1802 2773 sed
1845 2707 2067 2773 flectit.
2145 2708 2238 2775 Tu
2287 2708 2462 2773 solus
2509 2708 2772 2774 consilio

431 2834 535 2878 me
605 2813 835 2897 juvare
898 2820 1113 2895 potes„
1184 2813 1241 2879 si
1305 2814 1495 2893 velis,
1560 2814 1671 2897 qui
1735 2814 2017 2879 omnium
2080 2820 2514 2881 mercatorum
2579 2813 2771 2879 fidem

432 2938 705 3001 superas
792 2925 857 2983 et
922 2919 1061 2983 sola
1132 2920 1407 2985 veritate
1489 2919 1833 2985 verborum
1893 2925 2152 2987 tuorum
2213 2922 2422 2986 vicisti
2487 2921 2770 2985 omnium

432 3021 781 3088 fortunam.
845 3021 1060 3100 Quare
1108 3044 1223 3089 oro
1270 3030 1335 3090 te
1382 3046 1502 3107 pro
1549 3031 1774 3091 nostra
1818 3033 2037 3093 vetere
2082 3028 2254 3093 inter
2297 3048 2413 3092 nos
2459 3028 2770 3107 amicicia,

432 3127 593 3191 nihil
623 3127 964 3207 cuncteris,
998 3130 1153 3213 quin
1185 3130 1269 3195 ad
1310 3153 1411 3196 me
1445 3130 1684 3196 bonum
1731 3131 2034 3197 nuncium
2068 3132 2392 3199 rescribas
2422 3134 2552 3197 tuis
2586 3132 2770 3218 desy-

436 3231 867 3299 deratissimis
925 3233 1133 3298 literis
1201 3258 1321 3319 per
1366 3237 1537 3304 hunc
1585 3237 1818 3323 Cyrum
1883 3237 1972 3305 ad
2024 3259 2128 3303 me
2175 3238 2426 3303 dandis.
2515 3238 2662 3317 Qua
2705 3240 2768 3303 in

434 3358 635 3405 causa
694 3344 873 3403 recte
932 3338 1397 3407 Germanorum
1456 3344 1728 3427 ingeniis
1791 3350 1858 3409 et
1903 3344 2092 3411 famae
2139 3344 2461 3423 consules,
2509 3344 2624 3427 qui
2669 3364 2768 3408 me

431 3462 561 3509 non
609 3464 812 3527 usque
857 3443 1021 3510 adeo
1069 3445 1154 3512 ab
1199 3447 1608 3514 incunabulis
1671 3471 1852 3515 novae
1901 3449 2258 3534 disciplinae
2307 3450 2332 3491 ³
2377 3452 2614 3517 terreri
2659 3471 2766 3534 pa-

432 3549 653 3629 tiaris,
717 3555 796 3614 ut.
848 3550 1370 3619 abstrusissimae
1416 3554 1832 3621 scientiarum
1878 3556 2016 3621 vias
2060 3555 2274 3621 adhuc
2319 3555 2386 3620 in
2432 3555 2580 3621 sinu
2624 3576 2764 3621 meo

431 3654 802 3721 recondit-as
867 3663 935 3723 et
1000 3645 1252 3724 Latinis
1322 3658 1639 3726 hactenus
1705 3661 1957 3747 ignotas
2025 3682 2151 3727 non
2211 3660 2514 3745 pandam.
2608 3660 2764 3727 Vale

428 3758 771 3847 feliciaque
830 3761 1033 3827 redde
1102 3764 1384 3830 oracula.
1477 3768 1720 3832 Datum
1783 3789 1864 3832 ex
1909 3767 2318 3851 Stuttgardia
2363 3767 2576 3851 pridie
2620 3766 2762 3831 idus

428 3865 673 3951 apriles
716 3888 885 3933 anno
938 3873 1127 3934 1507.

1127 3975 1413 4042 «Ioannes
1461 3976 1775 4043 Reuchlin
1823 3976 2207 4042 Phor-censis
2251 3978 2376 4042 LL.
2429 3978 2673 4045 doctor.

613 4086 642 4141 1
684 4103 769 4137 =
799 4083 1003 4143 Basler
1041 4087 1552 4147 universitatsbibl.
1595 4086 1902 4147 handschr.
1945 4085 1997 4145 G
2037 4087 2096 4145 H
2140 4089 2256 4147 13³
2297 4104 2423 4148 nr0.
2476 4091 2558 4148 60
2600 4093 2755 4148 auto-

426 4187 633 4264 graph.

1572 4302 1608 4341 η.

576 4389 597 4434 1
641 4401 700 4435 re
736 4382 870 4453 mea]
912 4387 1019 4455 vgl.
1059 4389 1196 4439 oben
1233 4406 1274 4441 ε.
1307 4393 1420 4453 101,
1460 4408 1507 4442 a.
1555 4400 1594 4443 1.
1707 4398 1735 4443 2
1776 4380 2026 4460 Thomas]
2067 4395 2320 4447 Anshelm
2357 4397 2411 4445 in
2441 4394 2752 4463 Pforzheim.

426 4474 458 4523 3
499 4487 653 4523 nova
690 4472 842 4547 diam]
880 4474 973 4526 der
1010 4474 1356 4531 hebraischen
1396 4480 1621 4550 sprache
1659 4481 1764 4534 und
1805 4484 1895 4535 der
1930 4482 2215 4537 kabbalah.
