2950 5042
1594 330 1680 396 46

476 521 676 586 oculis
709 526 773 585 et
805 520 902 586 his
933 519 1228 587 manibus
1261 519 1500 585 librum
1522 520 1761 585 Iliados
1786 521 2145 586 Homericae
2179 521 2469 606 quintam
2512 521 2613 586 his
2644 521 2795 585 mihi

475 626 768 692 versibus
823 624 1106 710 (semper
1153 625 1322 690 enim
1371 646 1561 690 versu
1614 624 1842 708 Apollo
1892 627 2086 692 edicit
2139 625 2186 711 ¹)
2233 627 2328 691 ita
2374 625 2795 710 respondens:

891 748 945 798 si
987 748 1134 812 cupis
1173 747 1340 808 Italiae
1379 745 1462 796 vel
1502 747 1684 812 praelia
1723 747 1931 798 Gallica
1968 764 2139 798 nosse.

893 835 1084 886 Confer
1125 835 1249 894 huic
1289 836 1424 886 libro
1466 835 1760 886 clarissima
1792 837 2009 896 nomina
2046 836 2237 902 gentiS.

654 916 832 1004 Inter
862 939 1200 1024 legendum
1232 940 1429 1023 igitur
1471 963 1721 1005 omnem
1755 941 1879 1005 vim
1927 940 2081 1005 belli
2114 947 2449 1024 totumque
2490 939 2801 1023 praelium,

477 1043 557 1110 de
590 1044 876 1128 quoiam
909 1049 1094 1110 tanta
1126 1045 1302 1110 fama
1333 1050 1460 1125 est,
1512 1067 1627 1130 ego
1669 1047 1805 1130 ipse
1846 1047 2033 1130 quasi
2072 1067 2199 1111 non
2239 1045 2443 1112 solum
2488 1043 2803 1122 affuerim,

477 1149 591 1214 sed
652 1155 718 1214 et
767 1148 1170 1215 interfuerim
1225 1171 1480 1234 quoque
1530 1150 1852 1234 aspiciens
1902 1151 2204 1235 Lomperi
2250 1150 2519 1216 Pallada
2568 1150 2805 1214 Miner-

363 1277 376 1291 ·
475 1253 683 1320 valem
715 1253 1009 1320 Diomedi
1039 1254 1345 1334 astitisse,
1379 1256 1697 1322 Venerem
1728 1277 1879 1320 vero
1916 1263 1980 1322 et
2002 1256 2361 1340 Apollinem
2394 1256 2613 1320 AEneae
2638 1254 2805 1318 Hec-

477 1361 748 1443 torique.
841 1360 1040 1425 Porro
1087 1358 1466 1427 Diomedem
1514 1360 1873 1445 profligatis
1930 1363 2220 1444 postibus
2278 1362 2476 1438 etiam
2534 1360 2805 1425 Veneris

476 1485 704 1530 manus
735 1465 1016 1548 graviter
1048 1465 1436 1530 vulnerasse.
1502 1467 1747 1530 Deinde
1781 1467 1989 1532 foedus
2021 1488 2164 1532 cum
2197 1467 2491 1550 Trojanis
2526 1467 2807 1530 Martem

475 1571 870 1654 percussisse
900 1570 1085 1635 illum
1127 1571 1483 1636 terribilem
1527 1571 1734 1635 deum.
1813 1572 2015 1648 Quem
2046 1571 2158 1636 ubi
2192 1571 2216 1608 ²
2246 1571 2594 1637 Diomedes
2628 1572 2810 1636 Troi-

476 1676 616 1740 anis
649 1677 1017 1760 conjurasse
1051 1676 1387 1758 persensit,
1420 1698 1460 1742 a
1492 1677 1659 1741 bello
1694 1676 1999 1742 secedens
2033 1678 2247 1760 fugam
2274 1677 2594 1760 cogitavit.
2646 1678 2810 1742 Rur-

476 1801 584 1846 sus
618 1781 880 1846 Pallade
914 1781 1336 1859 coufortatus,
1369 1781 1648 1845 Martem
1681 1804 1935 1866 quoque
1970 1789 2153 1848 tanto
2194 1783 2438 1866 impetu
2471 1783 2809 1861 sauciavit,

475 1892 578 1964 ut,
626 1886 744 1950 nisi
791 1887 876 1950 sit
918 1886 1102 1963 deuS,
1152 1908 1294 1974 eum
1341 1886 1509 1950 forte
1552 1888 1693 1950 neci
1735 1887 2105 1952 dedidisset.
2184 1886 2447 1970 Singula
2489 1888 2705 1970 tuipse
2752 1887 2811 1950 si

477 1991 651 2056 voles
685 2012 827 2056 cum
861 1991 1199 2074 utriusque
1232 1997 1525 2056 nostrum
1557 1994 1835 2056 amantis
1869 1992 2028 2057 simo
2061 1993 2369 2056 Antistite
2402 1993 2809 2074 Vangionum

477 2095 845 2161 Camerario
882 2095 1231 2178 Dalburgio
1266 2095 1567 2160 foeliciter
1598 2098 1874 2180 perlege.
1923 2098 1985 2162 Is
2020 2098 2186 2162 enim
2220 2097 2574 2162 Homerum
2607 2097 2811 2160 habet

475 2207 710 2280 totum,
758 2222 837 2265 ne
873 2222 986 2284 ego
1017 2222 1309 2266 morosus
1343 2202 1610 2266 nimium
1646 2203 1865 2267 videar
1897 2202 2181 2286 aliquam
2214 2203 2343 2266 tuis
2374 2203 2643 2267 auribus
2678 2224 2813 2266 mo-

476 2306 731 2371 lestiam
764 2305 1015 2370 afferre.
1077 2307 1218 2383 Qua
1250 2307 1417 2371 enim
1451 2329 1519 2372 es
1554 2307 1869 2386 doctrina,
1904 2328 2028 2392 quo
2062 2307 2275 2398 divino
2307 2307 2585 2390 ingenio,
2620 2307 2814 2372 facile

474 2410 794 2494 intelliges
827 2411 981 2498 quid
1005 2410 1028 2448 ³
1061 2411 1164 2476 oui
1196 2411 1653 2476 conferendum
1686 2410 1789 2476 sit.
1850 2413 2131 2478 Eneadoe
2165 2418 2381 2477 autem
2414 2419 2568 2478 sunt
2599 2414 2815 2478 Italici

477 2522 666 2600 gente
713 2515 833 2582 sub
884 2516 1208 2582 Hectorea
1259 2523 1617 2582 tercentum
1675 2538 1875 2583 annos
1930 2517 2291 2600 gubernati.
2370 2518 2721 2584 Diomedes
2772 2541 2815 2585 a

475 2622 644 2688 Iovis
673 2621 739 2686 id
783 2627 882 2686 est
914 2622 1032 2687 Dei
1075 2643 1231 2686 cura
1264 2621 1880 2687 Christianissimum
1924 2623 2279 2706 principem
2322 2621 2664 2706 designare
2696 2647 2815 2708 pu·

477 2734 671 2791 tatur.
750 2727 1024 2791 Martem
1067 2732 1290 2793 nostro
1333 2749 1528 2809 regno
1563 2727 1881 2805 tribuunt,
1930 2728 2243 2792 Venerem
2278 2749 2317 2794 a
2348 2729 2544 2794 maris
2580 2751 2815 2814 spuma

479 2833 740 2896 Venetis
803 2833 1157 2898 Minervam
1217 2833 1613 2897 Palladicam
1672 2831 1893 2897 Gallis.
1988 2833 2089 2897 Sic
2148 2834 2315 2896 enim
2378 2833 2814 2918 Hieronymus

477 2943 702 3002 contra
737 2937 1150 3019 vigilantium
1185 2938 1469 3021 scripsit:
1508 2937 1657 3002 Sola
1691 2937 1902 3002 Gallia
1934 2944 2221 3002 monstra
2253 2959 2378 3002 non
2411 2937 2663 3018 habuit,
2700 2941 2814 3004 sed

476 3043 628 3110 viris
661 3063 913 3125 semper
944 3042 1220 3106 fortibus
1253 3049 1320 3105 et
1368 3042 1905 3126 eloquentissimis
1947 3042 2317 3107 abundavit.
2396 3043 2651 3106 Caetera
2683 3053 2814 3108 tuae

476 3147 712 3211 mando
752 3147 1116 3225 industriae,
1163 3152 1362 3230 utque
1405 3147 1625 3212 valeas
1657 3169 1886 3231 meque
1927 3169 2103 3212 ames
2136 3154 2306 3230 opto.
2382 3148 2481 3211 Ex
2514 3147 2817 3232 Tubinga

479 3257 520 3316 8
551 3251 775 3316 Kalen.
810 3251 1103 3318 Sextiles.
1165 3253 1349 3317 Anno
1389 3257 1576 3318 1495.

656 3362 978 3422 Gedruckt:
1035 3367 1062 3419 1
1103 3381 1184 3416 =
1217 3361 1278 3420 G.
1313 3381 1364 3420 v.
1401 3379 1450 3420 e.
1488 3357 1560 3421 db
1594 3362 1631 3420 d
1672 3360 1777 3436 iib;
1831 3367 1866 3422 2
1905 3387 1989 3418 .-.-
2020 3365 2075 3422 J.
2109 3382 2163 3423 v.
2198 3381 2247 3422 e.
2285 3363 2322 3422 d
2358 3359 2455 3421 iiib
2493 3368 2591 3435 4²3
2651 3367 2686 3421 3
2730 3386 2814 3417 .--.

479 3467 543 3529 C.
577 3485 628 3528 v.
667 3486 715 3528 e.
752 3469 809 3528 II
839 3467 938 3528 fol.
975 3464 1092 3527 23b
1129 3465 1280 3540 24b3
1331 3473 1367 3527 4
1404 3490 1487 3522 -..=
1520 3470 1733 3528 Muller
1762 3487 1814 3528 a.
1850 3487 1901 3528 a.
1937 3488 1988 3528 0.
2024 3487 2069 3528 s,
2110 3469 2229 3527 551
2268 3469 2307 3526 f.

622 3736 961 3807 [Tiibingen.]
1592 3649 1696 3714 LI·
2332 3740 2538 3804 August
2584 3741 2741 3788 1495.

476 3845 528 3918 J
530 3839 788 3919 oannis
817 3845 1182 3919 Reuchlin
1211 3829 1647 3918 Phorcensis
1676 3841 1770 3917 ad
1792 3843 2164 3916 Joannem
2182 3842 2539 3942 Lycaeum
2573 3843 2814 3941 vulgo

913 3995 1001 4041 ex
1039 3969 1268 4067 Lupis
1308 3968 1398 4040 de
1434 3968 1996 4064 Hei-mansgriin
2036 3965 2349 4038 Carmen

475 4131 656 4198 lehnt
718 4131 818 4198 die
867 4130 1348 4215 aufforder'ung,
1392 4132 1515 4216 ‚die
1578 4131 1941 4213 belelmung
1998 4129 2369 4195 Eberhards
2428 4150 2548 4194 von
2610 4129 2816 4192 Wirt-
2862 4133 2865 4136 ’

628 4331 644 4374 1
686 4325 848 4376 edidit
889 4331 937 4375 2.
1076 4330 1103 4375 2
1145 4325 1240 4378 tibi
1285 4331 1330 4377 2.
1469 4331 1495 4375 3
1541 4267 1647 4375 υἰῖ
1674 4331 1716 4386 1,
1763 4325 1839 4372 als
1882 4323 2216 4373 druckfehler
2263 4339 2344 4372 am
2385 4322 2514 4372 ende
2559 4321 2649 4369 der
2689 4337 2815 4371 aus·

480 4416 616 4481 gabe
655 4416 952 4481 angefiihrt.
