2950 5042
1260 409 1389 476 333

178 591 518 682 obtutibus,
566 608 811 688 quanto
844 601 1156 685 ampliore
1190 599 1457 668 fulcitur
1505 599 1782 684 Virginis
1827 600 1932 666 dei
1964 597 2292 685 genitricis
2335 619 2500 682 prae-

177 707 363 786 coni0,
412 705 597 792 cujus
644 728 761 791 ego
830 726 955 771 non
1018 705 1321 772 adulator
1364 711 1441 772 ut
1485 705 1687 791 aliqui
1734 705 2122 790 nugigeruli,
2187 703 2303 770 sed
2351 723 2501 770 vere

177 812 471 877 laudator
516 833 659 878 esse
706 813 915 895 cupio.
1010 811 1153 876 Erit
1198 817 1418 878 autem
1476 819 1626 878 voto
1675 832 1817 876 meo
1863 810 2162 897 quaedam
2207 809 2492 876 accessio

175 916 375 1000 gaudii
428 917 615 1002 longe
683 916 965 995 maximi,
1031 917 1087 980 si
1152 937 1435 999 sensere,
1481 915 1930 983 munusculum
1977 916 2100 982 hoc
2146 915 2318 1000 quod
2365 935 2492 978 non

173 1023 227 1086 in
270 1022 704 1089 Kalendarum
752 1028 1037 1088 strenam
1084 1020 1201 1088 sed
1246 1022 1546 1088 amicitiae
1591 1023 1871 1088 Xenium
1929 1023 2052 1088 tibi
2097 1029 2338 1105 tuoque
2384 1041 2497 1086 no-

173 1127 312 1192 mini
358 1127 592 1197 dedico
639 1127 963 1212 placuisse
1009 1133 1083 1192 ut
1139 1128 1204 1192 in
1266 1148 1465 1212 parvo
1523 1127 1783 1212 speculo
1841 1149 2141 1212 magnum
2189 1125 2494 1192 donantis

171 1231 453 1298 affectum
500 1233 914 1317 conspiceris.
964 1231 1125 1298 Vale
1170 1230 1475 1300 foeliciter
1505 1233 1605 1299 Kl.
1639 1234 2004 1300 Januarias.
2052 1233 2236 1298 Anno
2276 1237 2437 1298 1521
2469 1234 2492 1274 ¹

176 1338 573 1422 Stutgardiae.

350 1447 677 1508 Gedruckt:
696 1463 779 1504 ··...···..
798 1448 997 1508 Sermo
1031 1447 1222 1507 Procli
1240 1447 1504 1522 Cyziceni
1525 1449 1614 1508 ed.
1635 1449 1912 1509 Reucblin
1930 1465 1982 1508 ο.
2003 1447 2068 1508 Ο.
2095 1465 2150 1507 u.
2167 1447 2224 1506 J.
2261 1442 2330 1506 4⁰
2359 1445 2414 1506 A
2435 1451 2493 1508 4.

1189 1571 1464 1640 cccm.

237 1662 531 1728 Tiibingen.
1999 1667 2060 1713 1⁸
2097 1662 2222 1714 Jan.
2269 1665 2420 1716 1522.

174 1751 215 1823 J
223 1750 547 1826 ohannes
598 1749 965 1824 Reuchlin
1014 1749 1491 1847 PhorcensiS,
1545 1751 1813 1824 artium
1867 1750 2282 1826 liberalium
2333 1775 2494 1825 ma-

172 1873 375 1971 gister
427 1887 503 1948 et
548 1872 1042 1980 imperialium
1094 1873 1343 1972 legum
1382 1873 1663 1969 doctor,
1709 1873 2018 1947 Thomae
2055 1872 2488 1968 A11she1m0‚

791 1997 1178 2096 praestanti
1215 1995 1524 2071 librario
1563 2023 1618 2070 ε.
1660 2025 1732 2098 p.
1778 1996 1848 2070 d.

336 2144 498 2210 Cum
549 2165 583 2210 e
632 2143 933 2227 Bojorum
984 2125 1380 2228 Angelopoli,
1428 2146 1696 2230 antiqua
1743 2145 1870 2210 divi
1919 2144 2174 2210 Claudii
2221 2143 2492 2224 colonia,

170 2271 347 2332 quam
424 2249 1017 2334 cognoscendarum
1104 2250 1557 2335 principalium
1636 2250 1995 2333 linguarum
2087 2249 2490 2316 documentis

167 2353 409 2436 publice
455 2354 891 2434 illust-rabam,
938 2355 998 2420 vi
1046 2376 1229 2420 saevae
1274 2355 1655 2440 pestilitatis
1703 2377 1911 2440 essem
1957 2355 2171 2421 redire
2204 2360 2488 2436 coactus,

168 2457 223 2524 in
268 2461 551 2544 patriam
600 2459 863 2542 tandem
929 2460 1093 2527 bene
1153 2468 1484 2546 pacatam,
1549 2460 1661 2528 ubi
1697 2455 1836 2545 jam
1928 2466 2068 2528 tum
2114 2459 2350 2528 seditio
2398 2459 2493 2524 fa-

166 2585 285 2630 mes
327 2565 601 2652 lnesque
650 2573 1065 2635 cessaverant
1128 2573 1196 2632 et
1261 2566 1327 2631 in
1389 2587 1621 2632 nomen
1679 2565 1898 2632 Caroli
1954 2567 2006 2629 V
2056 2568 2492 2632 Romanorum

165 2669 573 2754 Imperatoris
618 2672 809 2739 electi
858 2674 1153 2758 juratum
1215 2671 1449 2752 fuerat,
1508 2671 1815 2738 constitui
1883 2693 2134 2742 mecum
2179 2671 2338 2755 ipse,
2383 2689 2490 2736 me

168 2781 225 2839 et
262 2777 613 2861 fatigatum
659 2775 1011 2856 laboribus,
1070 2782 1136 2842 et
1196 2777 1381 2844 annis
1422 2777 1688 2858 fessum,
1737 2777 1909 2862 quod
1957 2775 2172 2842 aetatis
2219 2775 2492 2841 daretur

166 2880 465 2966 reliquum
495 2884 520 2922 2
568 2883 634 2948 id
682 2882 745 2948 in
794 2881 1001 2948 libera
1050 2881 1283 2968 quietei
1313 2902 1711 2963 consumere,
1759 2902 1836 2948 ac
1881 2881 2278 2966 Epimenidis
2325 2879 2488 2946 velle

168 3005 437 3055 somnum
489 2988 791 3054 dormire.
854 2986 1391 3072 Quandoquidem
1447 2987 1715 3054 videbar
1761 2987 1916 3055 mihi
1963 2988 2045 3054 ab
2093 2988 2486 3072 optimarum

169 3089 591 3159 doctrinarum
642 3093 971 3172 osoribus,
1035 3092 1162 3158 illis
1225 3093 1539 3161 librorum
1601 3093 2011 3160 incendiariis
2069 3115 2146 3158 ac
2191 3092 2485 3159 invisori-

164 3194 265 3262 bus
306 3199 490 3278 meis,
542 3201 651 3283 qui
700 3221 951 3264 omnem
986 3201 1477 3283 exuperantiam
1527 3200 1784 3266 virtutis
1830 3199 2126 3280 oderunt,
2175 3199 2336 3264 satis
2383 3218 2488 3264 su·

162 3321 385 3388 perque
433 3305 532 3370 vel
587 3326 793 3389 usque
842 3303 929 3368 ad
961 3304 1222 3384 taedium
1273 3311 1339 3370 et
1371 3326 1682 3373 nauseam
1713 3312 1980 3372 vexatus
2029 3313 2097 3371 et
2141 3304 2225 3370 ab
2258 3303 2490 3370 eadem

164 3415 331 3487 gente
379 3409 777 3488 pharisaica,
835 3431 977 3494 quae
1044 3410 1135 3491 (in
1196 3411 1433 3477 malam
1497 3409 1664 3497 rem)
1723 3418 1948 3485 nostra
1999 3410 2204 3496 pollet
2269 3414 2484 3492 aetate,

166 3531 229 3576 ac
270 3516 485 3580 omnia
530 3506 782 3599 polluit,
815 3522 1123 3600 tanquam
1156 3515 1625 3600 Hebraicarum
1671 3516 2008 3582 literarum
2040 3521 2484 3603 protomartyr

137 3615 513 3702 'immolatus
548 3628 777 3701 tortuS,
810 3627 1037 3700 tostuS,
1070 3622 1353 3688 laniatus
1387 3627 1453 3687 et
1476 3621 1822 3702 laceratus,
1854 3643 1998 3687 cum
2029 3620 2484 3687 nonnullorum

162 3724 477 3808 applausu,
502 3749 665 3812 quos
682 3727 1027 3792 infelicitas
1049 3728 1285 3811 genuit,
1313 3726 1698 3812 improbitas
1714 3727 1894 3807 aluit,
1917 3726 2209 3794 adulatio
2231 3731 2480 3792 susten-

161 3831 307 3896 tavit
330 3839 394 3896 et
424 3833 703 3916 avaritia
727 3833 791 3896 in
818 3833 1169 3898 altissimos
1188 3833 1485 3917 provexit
1503 3832 1767 3917 gradus.
1835 3835 2262 3898 Decreveram
2282 3831 2484 3916 igitur

160 3939 326 4000 extra
356 3937 635 4016 turbam,
683 3943 1057 4024 contempta
1086 3939 1511 4023 plurimorum
1545 3940 2060 4018 conversatione,
2106 3943 2482 4022 contempta

163 4038 339 4105 etiam
397 4064 787 4127 paucorum,
836 4045 968 4110 otio
1031 4065 1175 4110 meo
1234 4051 1483 4111 secrete
1535 4067 1656 4130 per
1710 4044 1865 4124 frui,
1925 4066 2052 4131 quo
2113 4043 2302 4110 nihil‘
2338 4063 2483 4110 esse

162 4140 392 4238 dulcius
436 4148 705 4216 literato
763 4149 937 4215 duxi.
1032 4151 1117 4214 Et
1160 4156 1458 4234 poteram
1514 4156 1652 4216 tum
1697 4151 1764 4216 id
1821 4149 2081 4234 quidem
2129 4148 2477 4221 liberrime.

1292 4253 1326 4293 δὲ

290 4344 309 4388 l
355 4341 490 4392 Dass
519 4341 632 4392 dies
660 4343 750 4394 der
776 4345 841 4393 ‘25
872 4345 998 4398 Dec.
1036 4345 1161 4394 1521
1194 4347 1305 4396 sein
1332 4361 1494 4408 muss,
1522 4347 1597 4395 ist
1617 4318 1782 4412 klar3'
1808 4349 1941 4398 1520
1971 4362 2075 4396 war
2100 4343 2360 4396 Reuchlin
2385 4359 2477 4394 um

162 4421 285 4476 diese
321 4428 423 4480 zeit
457 4431 599 4482 noch
643 4432 699 4482 in
731 4430 1044 4500 Ingolstadt.
1119 4433 1227 4484 Der
1277 4432 1576 4485 aufenthalt
1611 4433 1667 4483 in
1709 4432 1972 4501 stuttgart
2009 4434 2077 4484 ist
2117 4433 2217 4486 wol
2255 4448 2356 4489 nur
2393 4431 2481 4487 eiu

160 4510 552 4581 gelegentlich'er
608 4535 708 4570 von
767 4521 1051 4588 Tiibingen
1116 4536 1227 4573 aus.
1394 4526 1421 4572 2
1477 4521 1779 4589 Reliquium
1825 4527 1869 4578 1.

626 4677 720 4716 ..ῃ
776 4659 781 4664 ’
