2950 5042
1262 390 1391 456 117

215 574 311 657 (sic
364 575 519 641 enim
588 574 901 665 nominat)
972 598 1143 663 saepe
1208 580 1516 646 meminit.
1609 581 1808 649 Vides
1868 583 2068 669 igitur
2131 588 2363 670 quanti
2421 594 2486 657 te

212 680 375 745 faciat
424 681 661 763 Faber,
728 690 1095 768 quantaque
1164 685 1425 753 honoris
1489 687 1870 771 praefatione
1917 688 1998 755 de
2047 696 2113 757 te
2160 690 2482 777 loquatur.

209 786 426 851 memini
492 808 603 870 ego
668 809 745 853 ex
800 789 938 873 ejus
998 810 1101 855 me
1162 811 1275 857 ore
1336 812 1463 857 non
1512 792 1710 859 semel
1757 794 2010 861 audire:
2085 796 2370 876 „Doctus
2417 804 2484 864 et

210 912 398 957 revera
438 892 489 958 is
534 894 642 979 qui
690 916 756 961 se
804 895 1143 961 Fumulum
1189 896 1534 981 appellat.“
1633 898 1786 963 Haec
1831 906 2052 966 autem
2099 902 2186 982 si,
2243 907 2318 967 ut
2362 902 2484 971 tibi

210 996 412 1078 aduler,
455 1020 551 1063 me
598 1000 662 1065 in
707 1001 989 1067 medium
1036 1000 1269 1068 afferre
1318 1003 1548 1083 credis,
1596 1000 1782 1088 longe
1830 1026 2030 1073 errae.
2123 1006 2269 1073 Non
2313 1008 2484 1075 enim

209 1123 269 1167 ex
304 1124 505 1169 eorum
551 1126 819 1173 numero
866 1128 1007 1189 sum
1056 1109 1165 1193 qui
1211 1108 1388 1173 aliud
1436 1108 1830 1190 blacterant,
1877 1110 2064 1178 aliud
2103 1112 2172 1179 iu
2216 1118 2482 1198 pectore

207 1206 445 1275 clausum
490 1216 763 1295 gestant,
812 1213 1011 1279 sentit
1058 1214 1308 1279 animus
1342 1236 1484 1281 cum
1519 1214 1785 1297 calamo,
1832 1215 2054 1301 lingua
2082 1238 2228 1285 cum
2269 1219 2483 1287 corde.

207 1314 456 1381 Moveare
514 1316 769 1401 itaque,
830 1320 1367 1402 praestantissime
1428 1321 1558 1400 vir,
1615 1320 1699 1385 ad
1769 1320 1924 1387 mihi
1985 1322 2484 1392 commodandos

205 1419 436 1501 libellos,
493 1444 619 1489 non
682 1424 873 1489 modo
938 1424 1021 1491 ob
1068 1424 1265 1490 Fabri
1310 1426 1377 1490 in
1425 1432 1491 1491 te
1540 1426 2075 1507 benevolentiam,
2123 1428 2239 1493 sed
2286 1434 2354 1494 et
2399 1428 2484 1496 ob

206 1528 491 1592 maximam
524 1527 887 1595 Germaniae
936 1530 1193 1596 laudern
1242 1551 1409 1615 quae
1458 1532 1609 1596 inde
1643 1530 1980 1597 Germanis
2028 1531 2326 1599 omnibus
2372 1534 2487 1600 ad-

211 1638 416 1697 crescet.
504 1634 747 1699 Excusi
794 1642 946 1701 sunt
982 1634 1119 1719 jam
1167 1638 1418 1721 pridem
1463 1658 1593 1702 non
1642 1635 1891 1702 inficior
1920 1637 2210 1722 ejusdem
2242 1637 2483 1725 dialogi

216 1736 355 1819 multi,
405 1760 565 1823 quos
614 1760 834 1805 omnes
882 1748 947 1807 et
993 1764 1110 1827 ego
1154 1744 1325 1810 inter
1370 1763 1586 1808 meam
1632 1741 1967 1809 librariam
2015 1742 2486 1828 supellectilem

214 1848 369 1923 teneo,
414 1845 529 1911 sed
577 1851 945 1913 erratorum
992 1848 1307 1915 immunes
1367 1868 1496 1914 non
1543 1852 1711 1913 sunt.
1805 1846 2018 1927 Quare
2065 1868 2212 1914 cum
2257 1848 2337 1916 iis
2382 1870 2482 1915 re-

205 1951 416 2033 cognitis
479 1958 683 2037 atque
750 1951 1029 2018 elimatis
1100 1975 1431 2019 sermones
1502 1975 1663 2037 quos
1733 1974 1811 2017 ex
1867 1950 2204 2037 pontificia
2263 1954 2483 2020 Romae

198 2052 541 2123 bibliotheca
613 2058 974 2141 exscriptos
1020 2057 1224 2125 habet
1285 2064 1351 2124 et
1405 2060 1501 2124 tui
1563 2057 1801 2142 dialogi
1861 2058 2289 2140 accesserint,
2359 2060 2485 2125 erit

195 2160 438 2243 profecto
484 2185 653 2248 opus
712 2164 1127 2250 undiquaque
1191 2163 1900 2230 consummatissimum.
1991 2164 2236 2230 Verum
2279 2169 2354 2229 ut
2399 2163 2485 2231 ad

194 2266 245 2330 id
268 2267 624 2334 faciundum
655 2270 1037 2355 propensior
1068 2270 1366 2350 reddare,
1400 2270 1568 2335 dono
1602 2269 1722 2337 tibi
1753 2268 1899 2334 misi
1940 2268 2485 2353 elegantissimum

192 2372 561 2454 politicorum
612 2396 772 2459 opus
810 2378 830 2414 ¹
879 2376 1051 2460 quod
1098 2376 1183 2441 ab
1229 2376 1377 2441 hinc
1424 2375 1771 2441 triennium
1818 2374 2029 2441 Faber
2075 2372 2480 2460 Stapulensis

196 2498 255 2541 ex
294 2502 399 2545 sua
445 2480 700 2546 officina
746 2481 974 2546 emisit.
1066 2482 1318 2547 Tritum
1368 2480 1538 2546 enim
1573 2486 1675 2546 est
1703 2478 1876 2565 apud
1908 2500 2148 2561 graecos
2179 2478 2482 2565 adagium

189 2586 284 2676 χεὶρ
310 2599 467 2675 χεῖρα
514 2588 837 2652 νίπτεικαὶ
870 2578 1165 2661 δάκτυλος
1211 2578 1528 2652 δάκτυλον.
1623 2586 1723 2650 Da
1770 2590 1837 2650 et
1895 2584 2133 2668 accipe,
2179 2590 2478 2651 mutuum

190 2710 429 2777 namque
483 2692 648 2757 muli
695 2692 1005 2771 scabunt,
1052 2698 1127 2757 ut
1172 2698 1271 2757 est
1317 2692 1494 2777 apud
1556 2688 2192 2775 epigrammatarium
2237 2688 2480 2755 Burde-

188 2796 492 2877 galensem.
595 2798 691 2863 Tu
736 2798 951 2881 igitur,
1000 2797 1525 2883 eloquentissime
1572 2797 1704 2873 vir,
1750 2815 1997 2860 morem
2043 2793 2201 2861 mihi
2245 2794 2313 2859 in
2358 2793 2483 2860 hac

187 2921 242 2965 re
266 2924 459 2986 geras,
515 2903 687 2988 quod
720 2903 775 2969 si
809 2903 1034 2987 egeris,
1082 2904 1224 2983 erit,
1258 2926 1373 2969 cur
1421 2902 1541 2968 tibi
1585 2907 1900 2988 perpetuo
1957 2899 2293 2966 devinctus
2357 2900 2491 2965 exi-

189 3012 341 3075 stam.
428 3010 505 3077 Si
555 3015 901 3093 praeterea
946 3010 1421 3093 propositiones
1453 3008 1664 3074 Cusae
1710 3008 2079 3090 impressae,
2127 3004 2491 3089 Symmachi

190 3114 464 3196 epistolas
516 3122 634 3180 aut
674 3115 978 3200 Egesippi
1026 3114 1319 3179 historici
1365 3114 1699 3179 christiani
1746 3111 1948 3178 libros
1994 3109 2270 3196 scriptos
2316 3109 2491 3197 apud

189 3223 239 3283 te
289 3220 491 3287 habes
547 3220 801 3305 patiare
849 3222 1153 3299 obsecro,
1217 3228 1290 3285 ut
1345 3241 1445 3284 me
1505 3219 1747 3287 adeant
1803 3223 1871 3282 et
1926 3216 2011 3282 ad
2056 3216 2306 3301 aliquot
2350 3217 2491 3282 dies

190 3344 405 3393 mecum
447 3328 881 3411 hospitentur,
930 3326 1237 3393 redibunt
1284 3332 1506 3391 sancte
1553 3324 1879 3409 polliceor.
1976 3324 2286 3390 Actutum
2330 3322 2495 3388 Her-

192 3451 497 3519 mouymus
517 3434 543 3472 ²
574 3432 1123 3498 Lacedaemonius
1152 3454 1279 3498 non
1310 3438 1445 3497 tam
1479 3431 1774 3496 doctrina
1806 3449 2001 3513 quam
2030 3428 2248 3512 patria
2279 3426 2495 3492 clarus

193 3536 311 3603 olim
356 3540 478 3605 tibi
536 3539 709 3621 apud
770 3537 1053 3603 Parisios
1114 3543 1504 3622 praeceptor
1559 3543 1626 3601 et
1685 3534 1840 3599 mihi
1903 3552 2174 3615 graecae
2237 3530 2494 3613 linguae

197 3646 477 3723 tyrocinia
546 3645 845 3728 exposuit
924 3644 1020 3709 tui
1100 3644 1375 3709 subinde
1441 3661 1704 3707 memor.
1818 3638 1978 3704 Vale
2003 3686 2020 3717 ,
2089 3636 2496 3715 Germaniae,

194 3745 353 3816 immo
400 3750 609 3816 totius
657 3749 833 3815 orbis
884 3749 1079 3814 decus
1128 3754 1195 3813 et
1238 3748 1622 3814 Rhenanam
1670 3751 1851 3811 tuum
1895 3745 2064 3809 inter
2111 3762 2222 3807 eos
2252 3739 2496 3806 referto

194 3854 281 3935 qui
305 3855 441 3923 tibi
487 3861 639 3921 sunt
684 3855 877 3939 opido
911 3874 1105 3939 quam
1138 3854 1549 3921 deditissimi.
1625 3854 1725 3918 Ex
1755 3851 2031 3917 Helveto
2065 3846 2238 3935 quod
2270 3846 2495 3929 vulgus

1311 3988 1348 4027 ²8

313 4063 336 4105 1
380 4059 726 4109 Politicorum
764 4057 887 4106 libri
928 4063 1063 4107 octo,
1106 4058 1500 4107 Commentarii.
1544 4055 2013 4105 Oeconomicorum
2051 4050 2168 4101 duo,
2223 4049 2498 4099 Commen-

190 4142 310 4192 tarii.
357 4145 821 4197 Hectonomiarum
879 4154 1093 4212 septem.
1165 4145 1607 4195 Oeconomiarum
1660 4143 1804 4208 publ.
1864 4156 2016 4190 unus.
2098 4137 2502 4205 Explanationis

191 4226 425 4283 Leouardi
462 4234 517 4284 in
566 4235 893 4283 oeconomica
942 4233 1059 4283 duo.
1136 4233 1289 4298 Apud
1330 4234 1563 4283 Parisios
1616 4230 1866 4297 primaria
1913 4229 2242 4293 superiorum
2287 4241 2499 4292 operum

192 4315 339 4369 editio
380 4325 519 4389 typis
568 4323 813 4373 absoluta
862 4322 1060 4388 prodiit
1096 4337 1162 4371 ex
1209 4322 1295 4371 off.
1346 4322 1417 4372 H.
1457 4321 1635 4385 Stepb.
1675 4336 1720 4369 a.
1765 4319 1898 4367 1506
1946 4317 2036 4367 fol.
2079 4314 2404 4380 (correctore
2440 4313 2502 4363 B.

194 4402 439 4476 Rhenano)
478 4412 613 4462 nach
642 4411 795 4461 Graf:
834 4410 1075 4460 Jakobus
1106 4410 1276 4461 Faber
1311 4409 1642 4481 stapulensis
1679 4408 1733 4459 in
1774 4404 2013 4457 zeitschr.
2054 4404 2138 4454 fflr
2173 4403 2295 4454 hist.
2338 4398 2500 4451 theol.

202 4494 321 4550 1852
356 4513 394 4549 s.
426 4502 544 4562 229.
696 4503 725 4556 2
769 4499 821 4549 S.
859 4516 906 4550 o.
946 4514 1056 4550 nro.
1097 4500 1163 4557 ΙΙ.
