2950 5042
1571 414 1655 477 38

411 603 815 698 ¹theilungen
868 603 1034 670 iiber
1097 587 1282 670 seine'
1329 603 1705 688 poetischen
1770 602 1979 670 werke
2032 604 2052 641 ¹
2100 602 2229 667 und
2293 603 2491 667 deren
2548 601 2787 668 bezah·

441 709 622 792 lung3
672 731 788 792 ego
835 731 875 774 a
923 711 1121 776 musis
1170 711 1236 774 in
1284 709 1591 776 verbosas
1636 709 1812 792 leges
1855 707 2068 774 incidi.
2115 709 2213 773 Ex
2244 707 2519 787 Basilea,
2553 708 2788 792 quinto

411 813 535 906 ·1d.
581 814 726 910 Jan.
775 815 878 881 die
926 837 983 880 a.
1039 821 1248 916 1494.-

360 933 370 944 ·
621 917 944 982 Gedruck't:
1009 927 1038 980 1
1079 946 1162 976 =
1197 924 1258 984 C.
1294 943 1346 985 v.
1381 941 1431 982 e.
1469 940 1501 982 c
1538 919 1611 982 1b
1642 921 1751 998 fg.;
1806 927 1841 983 2
1891 944 1974 976 ==
2019 923 2075 983 J.
2111 941 2163 982 v.
2200 941 2249 982 e.
2283 918 2441 996 f4b3
2494 927 2530 983 3
2578 945 2672 978 =
2720 923 2785 984 G.

440 1046 492 1087 v.
529 1045 579 1088 e.
611 1029 670 1088 H
701 1028 798 1088 fol.
835 1023 956 1088 36¹³
986 1027 1064 1102 fg.

1518 1187 1707 1253 XLV.

583 1285 888 1356 Strassburg.
2277 1294 2339 1340 27
2380 1291 2505 1341 dan.
2548 1293 2714 1342 1494.

439 1405 492 1484 J
495 1436 769 1483 oannes
809 1409 901 1483 de
927 1409 1404 1510 Keisersperg
1425 1415 1455 1462 2
1484 1411 1757 1484 Doctor
1793 1410 2188 1510 theologiae
2227 1423 2297 1484 et
2331 1411 2791 1510 praedica-tor

667 1532 1005 1606 ecclesiae*
1033 1533 1565 1631 argentinensis
1604 1535 1657 1608 J
1660 1533 1885 1607 oanni
1920 1533 2287 1607 Reuchlin
2326 1533 2398 1609 S.
2441 1534 2529 1607 D.

614 1710 862 1775 Eximie
925 1712 1195 1790 Ductor,
1258 1712 1313 1775 si
1380 1707 1544 1795 quas
1605 1711 1780 1795 apud
1839 1717 1905 1776 te
1952 1712 2026 1775 D.
2074 1711 2252 1776 Petri
2312 1710 2540 1776 Schott
2588 1717 2788 1778 tenes

437 1815 764 1898 epistolae,
811 1837 920 1882 eas
965 1816 1121 1880 mihi
1167 1817 1426 1881 mittere
1461 1817 1740 1900 digneris
1790 1816 1831 1880 ³.
1880 1817 2196 1899 Colligere
2243 1816 2789 1882 enimssundecun-

438 1941 562 2005 que
607 1922 782 1985 nitor
829 1927 895 1986 et
941 1921 1181 1986 multas
1219 1923 1359 2005 jam
1408 1921 1637 2004 collegi
1684 1943 1759 1986 ac
1806 1922 1871 1986 in
1918 1944 2114 1987 unum
2146 1922 2443 1986 volumen
2476 1922 2789 2005 redigere

439 2025 640 2090 statui
684 2026 1200 2109 imprimendum.
1295 2028 1499 2110 Ajunt
1545 2028 1714 2092 enim
1744 2027 1840 2090 illi
1874 2029 1983 2111 qui
2016 2049 2238 2092 earum
2278 2049 2495 2092 rerum
2526 2027 2790 2093 habent

437 2132 740 2214 peritiam
813 2153 924 2196 eas
996 2115 1270 2196 collectu
1328 2132 1466 2197 fore
1531 2133 1754 2216 dignas
1816 2139 2015 2216 atque
2081 2133 2531 2216 divulgatione.
2638 2133 2787 2217 Ego

403 2237 628 2320 plane
673 2258 802 2304 non
848 2237 1156 2320 intelligo,
1201 2237 1347 2304 ideo
1395 2259 1605 2322 neque
1643 2239 1884 2322 judicO,
1934 2237 2049 2304 sed
2094 2239 2321 2322 peritis
2368 2239 2789 2304 aestimatori-

1583 2367 1618 2406 ἧς

435 2454 660 2506 Strassb.
713 2443 874 2518 1488,
902 2456 964 2503 40
1013 2455 1104 2505 fol.
1147 2457 1216 2519 6),
1264 2471 1358 2506 aus
1396 2455 1511 2505 dem
1558 2457 1645 2506 ich
1684 2457 1928 2522 folgende
1975 2457 2125 2506 stelle
2166 2456 2446 2506 mittheile:
2498 2455 2657 2518 Quod
2716 2457 2785 2506 ad

435 2544 614 2593 literas
660 2544 904 2609 ‚magistri
951 2542 1036 2593 J0.
1077 2543 1337 2594 Reuchlin
1377 2545 1693 2594 phorcensis
1740 2545 1963 2610 pertinet
1998 2561 2102 2594 non
2154 2560 2368 2611 possum
2416 2545 2546 2593 satis
2594 2546 2783 2595 mirari

367 2692 374 2698 ⁸
435 2633 536 2682 viri
573 2631 725 2696 hujus
778 2639 834 2682 ut
878 2633 1149 2683 insolitam
1205 2633 1278 2682 ita
1314 2634 1593 2699 perutilem
1630 2649 1855 2698 operam.
1930 2633 1995 2681 Et
2033 2633 2243 2697 quidem
2282 2649 2459 2683 eorum
2496 2631 2783 2695 industria,

438 2736 568 2785 quos
616 2727 796 2770 nostra
843 2727 968 2771 aetas
1017 2722 1391 2786 obstupescere
1438 2721 1577 2771 solet
1616 2721 1703 2770 vel
1750 2722 2062 2772 anteriorem
2100 2721 2184 2770 vel
2229 2737 2333 2770 non
2385 2722 2643 2779 minorem
2676 2759 2690 2771 .
2726 2761 2738 2772 .
2771 2761 2782 2773 .

436 2808 840 2874 Respondissem
877 2825 1084 2874 quoque
1122 2810 1380 2874 Magistro
1423 2811 1624 2859 «Ioanni
1662 2826 1861 2874 graece,
1899 2811 2001 2858 nisi
2042 2811 2239 2859 veritus
2279 2811 2493 2859 fuissem
2533 2810 2785 2875 imperite

423 2898 718 2970 ‘quicquam
767 2899 1025 2960 inserere,
1077 2913 1182 2946 non
1230 2897 1446 2962 dignum
1483 2898 1624 2962 quod
1662 2899 1847 2948 subeat
1895 2900 2139 2948 trutinam
2194 2900 2347 2964 periti
2394 2897 2520 2947 adeo
2549 2898 2783 2961 judicie.

438 2985 784 3046 Quamobrem
822 2992 872 3034 te
918 3001 1009 3050 pro
1063 2985 1307 3034 amicicia
1356 2993 1537 3034 nostra
1587 2995 1787 3036 oratum
1840 2988 2024 3037 velim:
2072 2990 2269 3052 gratias
2320 2988 2365 3034 ei
2418 2987 2591 3035 verbis
2639 2989 2781 3037 meis

435 3075 781 3138 permaximas
819 3089 946 3138 agas
985 3074 1074 3137 qui
1113 3089 1194 3122 me
1231 3074 1546 3124 tantifecerit
1571 3075 1739 3125 literis
1766 3077 1891 3125 suis.
1959 3076 2119 3125 Plane
2149 3076 2259 3140 ipse
2294 3076 2567 3124 amicicam
2602 3091 2781 3124 meam

435 3160 691 3223 obsecrat,
731 3177 828 3225 ego
868 3177 990 3211 vero
1030 3163 1142 3227 ipso
1180 3169 1499 3227 praeceptore
1539 3163 1715 3214 doceri
1753 3164 1836 3213 vel
1879 3165 2133 3213 famulatu
2174 3165 2559 3224 contenderem,
2600 3164 2645 3212 si
2690 3179 2779 3214 co-

434 3249 662 3298 moditas
701 3248 924 3298 adesset.
1968 3254 1973 3260 '

582 3342 603 3386 1
647 3337 890 3387 Gemeint
939 3338 1008 3388 ist
1059 3337 1495 3388 wahrscheinlich
1548 3339 1640 3388 das
1689 3339 2063 3400 narr-enschiff‚
2115 3341 2300 3389 dessen
2352 3346 2485 3390 erste
2532 3339 2777 3404 ausgabe

440 3426 574 3474 1494
613 3425 866 3478 erschien.
969 3450 976 3462 *-
1015 3431 1042 3475 2
1083 3411 1228 3475 111101·
1268 3428 1330 3476 G.
1370 3444 1415 3478 v.
1458 3429 1523 3477 Κ.
1565 3427 1671 3493 vgl.
1711 3431 1954 3491 Ammon,
2008 3425 2161 3479 leben
2199 3429 2401 3478 Geilers
2442 3445 2487 3478 ν.
2530 3429 2773 3478 Kaisers·

432 3529 576 3578 perg.
647 3517 794 3564 1826.
900 3518 936 3591 ‘3
977 3515 1240 3565 Reuchlin
1280 3516 1474 3566 konnte
1516 3517 1631 3566 dem
1670 3517 1915 3567 wunsche
1955 3519 2100 3566 nicht
2136 3517 2537 3579 riachkommen,
2575 3519 2771 3581 wenig-

433 3608 575 3652 stens
613 3601 786 3652 finden
826 3603 940 3652 sich
977 3603 1032 3652 in
1073 3604 1162 3653 der
1200 3603 1513 3670 sammlung,
1551 3621 1652 3654 von
1692 3605 1783 3655 der
1820 3605 1933 3654 hier
1964 3605 2056 3656 ‘die
2095 3607 2215 3655 rede
2252 3609 2349 3656 ist:
2391 3607 2530 3656 Petri
2569 3605 2776 3657 Schotti

433 3691 927 3742 Lucubratiunculae
975 3693 1286 3758 Strassburg
1338 3696 1470 3744 1498
1520 3695 1573 3741 in
1620 3697 1680 3742 40
1725 3695 1880 3743 keine
1930 3694 2094 3743 briefe
2135 3696 2342 3745 Schotts
2390 3711 2455 3743 an
2494 3694 2773 3754 Reuchlin,

434 3779 533 3828 wol
574 3780 698 3829 aber
737 3781 822 3830 ein
859 3781 1066 3830 kleines
1105 3782 1321 3846 gedicht
1360 3781 1671 3844 Reuchlins‚
1720 3782 1811 3830 das
1851 3782 2156 3832 vermutlich
2198 3785 2277 3830 ins
2308 3783 2429 3848 jahr
2474 3788 2605 3831 1477
2646 3783 2773 3831 oder

432 3871 496 3916 78
535 3867 735 3932 gehort,
775 3869 900 3920 aber
938 3886 1022 3919 am
1060 3870 1241 3920 besten
1279 3871 1392 3919 hier
1431 3872 1577 3920 scine
1618 3871 1768 3920 stelle
1809 3871 1971 3920 findet
2009 3874 2076 3935 (a.
2106 3889 2150 3920 a.
2178 3889 2225 3920 0.
2253 3872 2339 3920 fol.
2370 3871 2769 3935 CLXXVlIlb):

497 3972 722 4022 ,Ioannis
749 3973 1004 4024 Reuchlin
1027 3975 1341 4026 Phorcensis
1370 3976 1583 4026 domino
1611 3977 1766 4025 Petro
1796 3976 2010 4024 Schotto
2042 3977 2412 4040 Argentinensi
2441 3975 2491 4024 S.
2518 3977 2581 4027 D.
2604 3977 2662 4027 P.

715 4063 928 4127 Hospes
968 4063 1034 4112 ad
1075 4071 1309 4120 auratum
1349 4065 1560 4126 diverti,
1603 4057 1774 4124 Petre,
1815 4065 2056 4128 Leonem,
2108 4087 2111 4090 ⁴

787 4151 900 4212 Quo
939 4167 1154 4216 propere
1193 4153 1374 4201 venias
1414 4152 1657 4214 obsecro;
1694 4169 1845 4202 coena
1883 4161 2069 4214 manet,

712 4239 778 4289 Et
813 4253 1015 4303 nequeo
1055 4240 1169 4289 sine
1205 4247 1271 4302 te,
1311 4247 1402 4290 tua
1439 4257 1560 4290 nam
1599 4242 1887 4306 praesencia
1925 4240 2097 4291 dulcis

785 4326 1092 4376 Commovet
1131 4329 1350 4392 affectu,
1388 4337 1438 4378 te
1473 4331 1589 4378 sine
1628 4329 1779 4379 dulce
1819 4331 1969 4378 nihil.

712 4415 850 4482 Ergo
888 4431 1075 4482 precor
1116 4418 1294 4466 venias
1337 4420 1512 4481 Petre,
1553 4419 1624 4466 mi
1662 4419 1841 4478 Petre3
1882 4433 2103 4482 namque
2143 4417 2365 4480 videbis,

783 4503 973 4566 Qualia
1009 4520 1114 4554 non
1153 4512 1300 4555 ante:
1339 4520 1480 4555 nunc
1518 4505 1642 4556 ades
1682 4513 1837 4571 atque
1873 4506 2006 4556 vale.
2136 4493 2142 4496 ’
