2950 5042
1562 396 1647 464 66

441 611 617 658 naeus
640 642 655 673 ,
724 588 872 658 hinc
935 591 1351 672 Rhodanum,
1419 591 1595 658 illinc
1644 591 2020 657 Tartessum
2083 591 2421 673 emittens,
2488 585 2661 660 alter
2703 583 2767 651 in

441 695 644 782 Libya
688 697 1068 782 aethiopicus
1128 703 1407 778 tractus,
1468 697 1641 762 unde
1691 697 1911 780 Aegon
1973 703 2041 762 et
2086 697 2292 782 Nyses
2351 704 2419 763 et
2465 696 2769 764 Chremes

442 809 509 868 et
561 797 783 884 Nilus,
837 802 1008 868 alter
1062 801 1147 867 ad
1192 803 1560 887 aquilonem
1626 801 1971 886 Arcynium
2021 802 2277 886 jugum,
2334 809 2410 868 ut
2473 807 2654 868 extat
2705 801 2765 865 in

439 908 974 993 MeteorologiciS,
1023 907 1194 974 unde
1241 908 1416 975 fama
1463 906 1739 975 celebris
1788 908 2011 974 Hister
2057 909 2350 974 exoritur
2407 908 2473 972 in
2520 907 2770 974 Euxino

439 1021 638 1100 ponto
700 1015 1104 1100 mergendus.
1211 1015 1298 1080 Et
1361 1013 1465 1080 hic
1538 1021 1760 1092 noster
1831 1013 2128 1098 ignobilis
2188 1013 2385 1080 Nicer
2457 1002 2769 1080 societate

438 1121 648 1188 Rheni
693 1121 779 1186 ad
825 1121 1151 1188 borealem
1200 1121 1538 1187 Oceanum
1584 1141 1961 1205 properanS,
2011 1142 2202 1205 quem
2248 1137 2361 1185 vos
2408 1117 2773 1186 familiaris-

441 1228 589 1292 simi
634 1226 1130 1292 contubernales
1177 1227 1308 1292 mei
1357 1227 1670 1306 accolitis,
1720 1232 1787 1292 et
1850 1225 2144 1292 accolitis
2194 1223 2453 1310 quidem
2500 1225 2638 1290 sine
2670 1247 2773 1290 me

439 1333 526 1398 ad
587 1333 706 1398 hos
764 1332 992 1398 latices
1048 1332 1411 1412 Pieridum,
1486 1355 1629 1398 cum
1693 1338 1877 1398 tanta
1936 1332 2270 1416 voluptate
2328 1337 2575 1417 quanta
2634 1331 2774 1416 ipse

440 1438 734 1506 Andreas
781 1437 866 1504 ad
911 1438 1140 1504 latices
1188 1437 1469 1504 accubat
1516 1400 1924 1504 balneorumf
2006 1439 2202 1522 Finge
2250 1445 2323 1503 tu
2370 1437 2526 1502 mihi
2572 1436 2778 1502 homi-

439 1563 588 1610 nem
641 1543 821 1611 humi
881 1565 1143 1628 serpere
1206 1543 1290 1608 ad
1335 1542 1539 1610 fontis
1586 1543 1919 1610 aediculam
1967 1544 2033 1610 in
2078 1542 2439 1610 meditullio
2486 1543 2778 1608 aestuarii

441 1671 590 1718 mox
633 1657 970 1735 repentem
1016 1671 1294 1735 propere
1341 1655 1491 1734 post
1540 1650 1809 1716 sudores
1856 1649 2114 1716 vixdum
2152 1647 2532 1717 meticuloso
2563 1648 2777 1732 primo

441 1756 586 1823 illas
639 1757 817 1842 ipsas
877 1755 1111 1823 fistulae
1157 1762 1378 1840 guttas
1426 1757 1691 1823 summis
1738 1757 2025 1840 digitulis
2071 1760 2459 1835 attrectare,
2508 1775 2587 1819 ac
2634 1760 2777 1819 tan-

441 1862 588 1929 dem
634 1864 989 1930 stillantem
1034 1862 1341 1947 aquulam
1389 1861 1702 1942 osculari,
1751 1861 2045 1927 clanculo
2090 1859 2453 1926 mordicare
2502 1865 2568 1924 et
2614 1860 2777 1924 lam-

439 1969 615 2048 bere,
659 1967 894 2034 deinde
923 1969 1248 2034 insumere
1283 1973 1349 2032 et
1379 1989 1729 2048 resumere,
1777 1973 2106 2051 postremo
2154 1966 2435 2045 haurire,
2484 1964 2777 2042 sorbere,

443 2073 761 2158 deglutire
821 2079 888 2138 et
941 2095 1147 2158 usque
1209 2073 1296 2138 ad
1352 2073 1737 2139 immensam
1784 2074 2159 2139 satietatem
2204 2071 2623 2156 ingurgitare.
2724 2072 2777 2136 Ο

441 2201 633 2264 quam
680 2179 974 2264 prosperi
1007 2178 1304 2244 Andreae
1353 2201 1713 2259 successus,
1761 2201 1798 2245 o
1848 2184 2093 2264 quanta
2140 2177 2459 2242 foelicitas.
2552 2176 2626 2240 In
2664 2177 2776 2242 siti

439 2285 792 2366 humidum,
821 2285 888 2349 in
921 2289 1086 2350 aestu
1117 2284 1443 2368 frigidum,
1477 2291 1663 2350 tactu
1693 2285 1853 2363 leve,
1884 2285 2025 2349 visu
2056 2283 2393 2368 limpidum
2426 2284 2467 2362 ¹,
2498 2281 2777 2347 auribus

441 2413 638 2457 rauco
701 2411 1029 2457 murmure
1091 2411 1429 2471 sonorum,
1487 2390 1675 2456 dulce
1736 2390 1983 2474 gustui,
2046 2394 2113 2455 et
2171 2388 2465 2455 salubres
2512 2387 2777 2467 herbae,

439 2497 917 2582 praeterradens
981 2496 1343 2562 suavissimi
1403 2495 1623 2562 odoris
1671 2496 2010 2560 libamen.-
2062 2495 2210 2560 Jam
2258 2493 2572 2578 cogitanti
2616 2493 2779 2558 mihi

438 2608 744 2668 arescunt
802 2602 1056 2683 fauceS,
1119 2607 1185 2667 et
1241 2602 1380 2685 ipse
1442 2601 1625 2681 sitio,
1696 2601 1809 2692 qui
1868 2599 2190 2665 Andream
2262 2620 2467 2684 aquas
2541 2604 2777 2683 potare

439 2708 670 2788 scribe,
715 2730 846 2774 non
891 2707 1235 2774 Tantalum
1284 2707 1395 2792 qui
1445 2729 1525 2772 ne
1578 2707 1769 2772 labra
1816 2706 2075 2791 quidem
2121 2705 2443 2784 admovet,
2490 2703 2606 2770 sed
2642 2725 2779 2770 me-

437 2820 696 2880 moratu
759 2814 1201 2898 dignissimum
1265 2813 1505 2878 Protea
1575 2813 1755 2878 illum
1826 2819 1892 2876 et
1960 2811 2365 2877 sacerdotem
2414 2816 2481 2875 et
2525 2816 2769 2874 vatem.

438 2918 612 2986 Affer
656 2921 871 3002 igitur,
917 2919 1007 2984 mi
1040 2918 1248 3002 Vigili,
1295 2917 1662 2983 helveolum
1698 2925 1879 2984 tuum
1913 2917 2087 3002 quod
2118 2937 2347 3000 graece
2381 2915 2769 3000 chenopoda

439 3025 712 3091 dicimus
737 3075 752 3105 ,
821 3031 896 3090 ut
963 3023 1206 3090 relictis
1243 3023 1554 3108 ⁴Andreae
1600 3023 1990 3089 Nereidibus
2054 3028 2269 3088 tecum
2316 3020 2617 3086 bibamus
2696 3022 2775 3087 si-

439 3129 700 3214 mulque
763 3151 908 3196 cum
953 3129 1280 3214 religionis
1327 3136 1570 3195 nostrae
1620 3129 1917 3196 columna
1960 3127 2207 3194 Jacobo
2254 3127 2557 3210 theologo
2618 3125 2781 3192 Seli-

441 3237 681 3302 statino
715 3236 741 3275 ²
788 3257 978 3320 quem
1023 3236 1315 3319 apprime
1363 3235 1579 3318 diligo.
1673 3237 1760 3301 Et
1805 3235 2064 3321 quidem
2110 3233 2477 3300 faventibus
2508 3232 2766 3316 superis

439 3341 876 3407 combibemus
931 3340 1194 3406 tandem
1253 3341 1627 3426 aliquandO,
1686 3347 1751 3407 et
1798 3363 1929 3407 una
1976 3339 2445 3417 coenitabimus,
2504 3335 2775 3422 quando

439 3468 606 3513 nova
647 3447 820 3512 inter
865 3468 984 3512 nos
1011 3447 1222 3522 stella
1269 3448 1426 3514 oriri
1475 3457 1542 3512 et
1580 3446 1801 3513 lucere
1835 3449 1969 3512 visa
2002 3453 2121 3526 est,
2167 3467 2292 3512 non
2326 3467 2407 3510 ex
2436 3443 2770 3508 veteribus

438 3552 718 3638 planetis
749 3575 932 3634 unuS,
964 3574 1126 3638 quos
1155 3553 1436 3637 majores
1470 3552 1687 3618 nostri
1718 3573 2023 3618 erroneos
2054 3571 2381 3630 vocavere,
2424 3548 2540 3614 sed
2574 3547 2777 3633 sydus

440 3659 704 3744 aliquod
763 3659 1102 3725 summatis
1159 3657 1333 3724 orbis
1405 3658 1517 3723 ille
1590 3656 2113 3725 consultissimus
2172 3656 2341 3740 juris
2398 3653 2777 3738 Venigerus,

441 3785 632 3849 quem
679 3787 794 3832 suo
841 3766 1075 3831 merito
1122 3785 1234 3830 vas
1279 3763 1492 3848 legum
1541 3763 1996 3847 apellaverim,
2058 3768 2134 3828 ut
2182 3759 2425 3826 Baldus
2474 3760 2777 3825 Azonem.

439 3870 598 3936 Vale
656 3870 956 3938 foeliciter
1017 3893 1163 3937 cum
1219 3871 1351 3936 tuis
1412 3870 1624 3935 immo
1670 3869 1913 3935 nostris
1960 3874 2028 3933 et
2071 3867 2379 3951 Dionysio
2425 3863 2621 3930 fratri
2666 3863 2779 3929 be·

440 3976 626 4042 nefac
673 3976 756 4042 ob
801 3997 1089 4044 amorem
1134 3977 1202 4041 in
1231 3982 1296 4042 te
1328 3995 1561 4042 meum.
1670 3977 1771 4040 Ex
1802 3973 2199 4058 Stutgardia,
2230 3977 2415 4038 sexto
2445 3968 2780 4036 Kalendas

454 4081 788 4162 Octobres,
837 4084 1020 4149 Anno
1066 4083 1212 4148 MD.
2478 4095 2481 4098 ’

619 4191 939 4252 Gedruekt:
996 4197 1026 4252 1
1067 4213 1154 4246 ==
1185 4191 1248 4252 C.
1293 4208 1346 4252 v.
1382 4209 1432 4254 e.
1484 4188 1711 4265 fii⁸·b;
1766 4193 1803 4250 2
1848 4209 1933 4247 =
1962 4189 2020 4250 J.
2063 4207 2117 4250 v.
2160 4204 2211 4248 e.
2254 4207 2293 4262 g
2334 4183 2471 4258 4⁸b3
2522 4186 2559 4245 3
2596 4203 2681 4239 ...-·:-
2713 4181 2777 4243 C.

445 4313 498 4357 v.
531 4313 584 4357 e.
619 4297 676 4356 II
706 4296 803 4357 fol.
841 4301 959 4357 4222
989 4301 1076 4360 bis
1110 4301 1246 4358 43³.

1594 4407 1629 4444 ³3

589 4499 614 4544 1
653 4494 944 4566 lympidum
975 4501 1019 4548 l.
1153 4501 1180 4547 2
1222 4495 1592 4564 wimpfeling.
