2950 5042
1277 411 1365 476 43

347 605 664 664 Gedruckt:
724 609 752 663 1
791 624 870 659 =
904 604 963 662 C.
999 623 1052 664 v.
1089 621 1138 664 e.
1172 603 1200 661 f
1234 600 1308 661 2¹>
1341 606 1429 664 bis
1475 609 1573 678 «μς
1634 609 1667 664 2
1714 625 1787 658 --.·
1820 607 1875 666 J.
1908 621 1962 664 v.
1996 621 2046 663 e.
2083 621 2121 678 g
2156 599 2227 663 4¹)
2260 603 2347 662 bis
2376 597 2452 661 hb

200 717 228 772 3
260 733 334 764 =
363 711 422 770 C.
453 729 505 771 v.
541 729 590 771 e.
626 711 685 770 Π
714 709 812 770 fol.
851 713 967 768 43a
997 711 1083 769 bis
1120 713 1253 770 45⁸.

1207 867 1430 936 XLIX.

311 958 597 1024 'sfibingem
2006 957 2065 1004 15
2103 953 2215 1004 Juli
2264 955 2407 1004 1495.

195 1071 488 1146 Joannes
524 1071 892 1144 Reuchlin
929 1071 1363 1146 Phorccnsis
1411 1069 1485 1144 S.
1520 1069 1608 1142 1).
1640 1069 1725 1144 P.
1760 1067 1809 1142 J
1815 1068 2039 1142 oanni
2076 1094 2167 1142 ex
2198 1067 2425 1170 Lupis
2462 1071 2485 1120 ¹

959 1194 1048 1268 de
1085 1194 1671 1292 Hermansgrtin.

337 1355 478 1423 Non
521 1359 741 1440 potuit
785 1323 902 1422 ab‘s
949 1357 1154 1442 quivis
1185 1357 1440 1422 homine
1465 1354 1815 1442 jucundius
1846 1353 2000 1420 mihi
2040 1353 2485 1419 renunciatum

197 1483 323 1540 esse,
367 1483 560 1546 quam
609 1469 673 1526 te
722 1463 786 1526 in
831 1463 1270 1546 Vangionibus
1299 1463 1324 1502 ²
1369 1461 1652 1544 legatum
1700 1461 1889 1540 ferre,
1936 1481 2125 1545 quem
2174 1465 2239 1524 et
2275 1457 2487 1523 audis-

199 1588 302 1630 sem
341 1573 532 1632 antea
577 1567 928 1651 Pomponio
971 1568 996 1607 ³
1023 1574 1424 1652 praeceptore
1469 1566 1695 1631 literas
1737 1567 2153 1649 expiscatum.
2240 1563 2485 1630 Deinde

204 1694 359 1755 usque
404 1673 474 1736 in
520 1671 932 1738 Palaestinam
980 1674 1144 1738 mari
1192 1680 1498 1758 terraque
1546 1657 1744 1737 fuisse
1794 1677 2146 1750 versatum,
2198 1677 2268 1734 ut
2314 1669 2485 1734 haud

212 1776 395 1859 injuria
443 1777 523 1842 de
573 1785 637 1842 te
687 1779 852 1844 sicut
901 1779 978 1843 de
1031 1775 1257 1863 Ulys'se
1306 1777 1787 1864 praedicandum
1822 1777 1905 1843 sit
1938 1776 2109 1862 quod
2140 1775 2485 1840 multorum

203 1882 484 1948 hominum
531 1884 769 1948 videris
818 1885 1010 1948 urbes
1060 1893 1123 1949 et
1170 1885 1425 1966 ingenia
1471 1885 1646 1949 noris
1679 1881 1723 1948 θ.
1775 1884 1940 1964 Ergo
1990 1903 2089 1945 me
2152 1903 2277 1946 non
2324 1879 2488 1945 frus-

199 1993 373 2052 tratur
417 2010 618 2072 opera
666 2012 808 2054 mea
854 1991 1075 2072 ingens
1125 1997 1190 2054 et
1237 1989 1501 2054 assidua
1533 1988 1595 2051 in
1632 1987 1994 2072 quaerendis
2026 1986 2285 2071 optimis
2316 1987 2488 2065 viris,

196 2093 355 2176 idque
402 2096 651 2178 gaudeo
701 2096 1044 2160 admodum
1091 2117 1249 2158 meae
1297 2095 1589 2160 fortuna».
1685 2093 1874 2158 Soleo
1919 2093 2083 2158 enim
2119 2114 2286 2178 saepe
2320 2093 2489 2156 inter

197 2200 670 2284 quamplurimos
735 2201 994 2265 adorari
1049 2207 1245 2286 atquc
1307 2199 1579 2282 seligere
1638 2199 1717 2264 de
1785 2199 2209 2264 nobilioribus
2272 2221 2487 2276 unum,

194 2326 296 2386 quo
341 2327 478 2369 cum
525 2307 734 2371 literae
781 2328 882 2372 me
923 2309 1196 2390 jungant
1228 2327 1542 2390 perquam
1574 2305 2012 2384 familiariter3
2059 2304 2113 2369 is
2145 2311 2217 2370 tu
2250 2325 2317 2368 es
2350 2304 2487 2387 ipse

191 2430 358 2489 nunc,
406 2414 588 2495 cujus
621 2433 852 2476 nomen
884 2413 948 2475 in
981 2411 1573 2476 laudatissimorum
1606 2433 1940 2476 numerum
1975 2410 2271 2476 refertur.
2337 2409 2488 2473 Pro-

192 2515 334 2581 fecto
391 2517 791 2600 perlibenter
861 2525 926 2582 et
987 2540 1129 2582 cum
1186 2517 1492 2610 singulari
1554 2517 1830 2600 quadam
1890 2516 2088 2581 animi
2157 2513 2487 2596 voluptate

191 2621 354 2685 audio
417 2622 585 2687 tales
645 2621 726 2686 ad
791 2629 1076 2686 nostram
1141 2621 1627 2706 Rempublicam
1696 2628 1763 2687 et
1825 2621 2287 2686 Germanorum
2358 2619 2489 2701 glo-
2566 2639 2587 2660 ·

191 2726 326 2790 riam
387 2726 880 2792 restaurandam
939 2728 1242 2792 accersiri
1309 2729 1585 2810 legatOS,
1654 2749 1925 2812 quorum
1986 2731 2290 2790 anteacta
2354 2725 2489 2789 vita

194 2829 338 2896 domi
379 2832 663 2916 bellique
710 2833 886 2897 clara
935 2833 1036 2896 sit.
1130 2833 1352 2917 Neque
1402 2833 1569 2897 enim
1604 2833 1962 2897 Centauros
2009 2830 2150 2895 volo
2198 2851 2315 2894 nec
2366 2831 2489 2894 An·

195 2935 510 3021 drogynOS‚
573 2938 641 3001 id
687 2945 786 3001 est
828 2960 946 3002 nec
993 2944 1282 3022 agrestes
1331 2945 1613 3016 tantum,
1672 2959 1877 3021 neque
1927 2935 2131 3000 solum
2178 2940 2487 3018 compt03‚

199 3042 286 3103 sed
331 3043 857 3108 homines-simul
920 3051 984 3108 et
1029 3066 1222 3108 manu
1273 3050 1337 3107 et
1395 3043 1611 3126 lingua
1672 3049 1997 3127 potentes;
2062 3041 2129 3105 hi
2190 3041 2487 3106 nimirum

173 3143 485 3226 'profuisse
548 3150 750 3230 magis
815 3149 930 3212 visi
993 3157 1171 3226 sunt,
1245 3170 1436 3232 quam
1501 3155 1615 3213 aut
1677 3148 1796 3213 soli
1858 3148 2096 3231 togati,
2174 3153 2289 3212 aut
2351 3146 2489 3225 soli,

197 3259 253 3314 ut
297 3259 468 3335 poeta
533 3275 741 3317 caecus
808 3255 932 3332 ait,
995 3253 1158 3317 bene
1216 3254 1479 3317 ocreati.
1573 3253 1675 3319 Sic
1738 3253 1973 3319 Nestor
2028 3255 2139 3318 ille
2197 3275 2393 3318 senex
2448 3273 2489 3315 a

197 3355 428 3422 laudato
477 3359 615 3422 viro
655 3360 802 3442 jure
855 3359 1270 3437 laudabatur,
1335 3359 1506 3443 quod
1570 3366 1635 3423 et
1697 3365 1917 3423 orator
1964 3367 2135 3424 esset
2169 3357 2213 3437 ⁵,
2260 3358 2337 3422 de
2385 3379 2491 3421 cu-

192 3460 275 3541 jus
316 3464 530 3546 lingua
578 3463 768 3526 melle
817 3464 1064 3529 dulcior
1109 3465 1405 3529 stillabat
1452 3465 1662 3530 oratio
1696 3464 1719 3502 ⁶
1770 3473 1834 3530 et
1875 3465 2063 3529 simul
2110 3463 2279 3548 quod
2314 3485 2490 3528 acer-

1306 3602 1339 3638 δίε

201 3688 382 3739 Konrad
421 3690 586 3740 Celtis
627 3691 946 3756 erwt'thnung
986 3691 1184 3751 finden,
1231 3693 1283 3740 in
1334 3691 1583 3740 welcbem
1632 3699 1851 3741 ersterer
1890 3691 2112 3754 crztihlt‚
2160 3691 2281 3740 dass
2328 3707 2383 3740 er
2419 3691 2489 3740 im

202 3777 542 3828 Griechiscben
595 3780 916 3828 fortschritte
968 3780 1213 3843 gemacht
1268 3779 1402 3828 habe
1449 3796 1515 3828 ex
1562 3781 1906 3829 instructione
1953 3780 2040 3828 Jo.
2088 3779 2347 3828 Reuchlin
2400 3780 2491 3842 qui

201 3865 313 3912 circa
360 3866 549 3915 festum
598 3867 829 3916 omnium
879 3874 1178 3916 sanctorum
1228 3868 1551 3932 aliquamdiu
1599 3873 1798 3917 mecum
1848 3868 1946 3916 fuit
2000 3867 2053 3914 in
2109 3866 2259 3917 domo
2314 3874 2492 3916 nostra

202 3950 422 4004 Druidum
452 3955 832 4021 Spanhamensi
861 3957 944 4019 (11
980 3957 1127 4020 April
1163 3957 1293 4006 1495
1331 3957 1649 4020 mitgetheilt
1686 3971 1789 4004 von
1816 3937 2097 4006 Aschbach
2143 3958 2195 4004 in
2232 3959 2491 4020 sitzungs·

202 4037 437 4091 berichten
488 4045 580 4093 der
631 4043 847 4092 Wiener
887 4043 1039 4092 akad.
1099 4044 1377 4109 phu-hist.
1419 4044 1491 4092 kl.
1535 4045 1665 4106 LVI,
1708 4047 1773 4093 59
1816 4045 1897 4109 ί..)
1972 4044 2089 4109 Vgl.
2150 4043 2285 4094 auch
2322 4044 2489 4108 Trith,

203 4125 462 4180 Chronicon
504 4131 916 4196 sponheimense
956 4149 996 4181 z.
1036 4131 1088 4181 J.
1135 4135 1264 4181 1489
1307 4132 1384 4181 ed.
1427 4135 1619 4182 Freher
1658 4133 1722 4193 Π,
1761 4148 1801 4181 s.
1844 4135 1964 4182 401.

328 4225 346 4266 1
386 4205 526 4269 siber
563 4220 745 4284 Lupus
784 4235 885 4269 von
927 4222 1323 4284 Hermansgriin
1363 4221 1498 4270 habe
1536 4220 1619 4269 ich
1658 4221 1812 4269 keine
1850 4219 2291 4285 biographischen
2333 4220 2491 4269 nach-

203 4303 378 4354 richten
414 4308 586 4356 finden
627 4307 860 4367 Ιεῦιιηειις
911 4309 1026 4358 eine
1071 4310 1353 4374 politische
1401 4308 1587 4358 schrift
1633 4325 1735 4358 von
1784 4309 1893 4357 ihm
1942 4309 1993 4357 in
2035 4307 2295 4357 Miinchen
2338 4306 2489 4370 (cod.

203 4389 277 4440 lat.
313 4395 442 4460 924).
555 4400 582 4444 2
627 4396 851 4444 WormS.
932 4386 992 4446 '3
1031 4398 1352 4462 Pomponius
1391 4397 1584 4446 Laetus.
1694 4402 1725 4444 4
1766 4397 1920 4446 Hom.
1964 4395 2061 4444 Od.
2100 4395 2141 4456 1,
2182 4399 2227 4444 2.
2336 4395 2368 4443 5
2409 4408 2488 4442 es-

205 4478 326 4528 setde
368 4490 405 4532 1.
547 4487 577 4532 6
619 4483 750 4535 Ilias
777 4484 812 4546 1,
842 4489 958 4534 ⁴248.
