<?xml version="1.0" encoding="UTF-8"?>
<!DOCTYPE html PUBLIC "-//W3C//DTD XHTML 1.0 Transitional//EN"
    "http://www.w3.org/TR/xhtml1/DTD/xhtml1-transitional.dtd">
<html xmlns="http://www.w3.org/1999/xhtml" xml:lang="en" lang="en">
 <head>
  <title>
</title>
<meta http-equiv="Content-Type" content="text/html;charset=utf-8" />
  <meta name='ocr-system' content='tesseract 3.04.00' />
  <meta name='ocr-capabilities' content='ocr_page ocr_carea ocr_par ocr_line ocrx_word'/>
</head>
<body>
  <div class='ocr_page' id='page_1' title='image "./johannreuchlins00geiggoog/johannreuchlins00geiggoog_0061.png"; bbox 0 0 2950 5042; ppageno 0'>
   <div class='ocr_carea' id='block_1_1' title="bbox 1281 409 1365 482">
    <p class='ocr_par' dir='ltr' id='par_1_1' title="bbox 1281 409 1365 482">
     <span class='ocr_line' id='line_1_1' title="bbox 1281 409 1365 482; baseline 0.012 -1"><span class='ocrx_word' id='word_1_1' title='bbox 1281 409 1365 482; x_wconf 77' lang='lat'><strong>51</strong></span> 
     </span>
    </p>
   </div>
   <div class='ocr_carea' id='block_1_2' title="bbox 193 604 2478 792">
    <p class='ocr_par' dir='ltr' id='par_1_2' title="bbox 193 604 2478 792">
     <span class='ocr_line' id='line_1_2' title="bbox 345 604 2478 686; baseline 0.002 -16"><span class='ocrx_word' id='word_1_2' title='bbox 345 604 660 671; x_wconf 80' lang='lat' dir='ltr'><strong>Gedruckt:</strong></span> <span class='ocrx_word' id='word_1_3' title='bbox 714 617 741 672; x_wconf 88' lang='lat'>1</span> <span class='ocrx_word' id='word_1_4' title='bbox 784 633 868 667; x_wconf 79' lang='lat'><strong>==</strong></span> <span class='ocrx_word' id='word_1_5' title='bbox 902 609 963 674; x_wconf 87' lang='lat' dir='ltr'><strong>C.</strong></span> <span class='ocrx_word' id='word_1_6' title='bbox 995 630 1052 672; x_wconf 81' lang='lat' dir='ltr'><strong>v.</strong></span> <span class='ocrx_word' id='word_1_7' title='bbox 1087 630 1137 672; x_wconf 91' lang='lat' dir='ltr'><strong>e.</strong></span> <span class='ocrx_word' id='word_1_8' title='bbox 1184 629 1216 671; x_wconf 91' lang='lat' dir='ltr'><strong>e</strong></span> <span class='ocrx_word' id='word_1_9' title='bbox 1252 605 1326 671; x_wconf 68' lang='lat'><strong>3¹)</strong></span> <span class='ocrx_word' id='word_1_10' title='bbox 1366 610 1481 686; x_wconf 81' lang='lat' dir='ltr'><strong>sg.;</strong></span> <span class='ocrx_word' id='word_1_11' title='bbox 1532 613 1568 670; x_wconf 81' lang='lat'><strong>2</strong></span> <span class='ocrx_word' id='word_1_12' title='bbox 1613 633 1696 666; x_wconf 89' lang='lat'><strong><em>=</em></strong></span> <span class='ocrx_word' id='word_1_13' title='bbox 1738 611 1794 672; x_wconf 86' lang='lat' dir='ltr'><strong>J.</strong></span> <span class='ocrx_word' id='word_1_14' title='bbox 1828 629 1882 674; x_wconf 80' lang='lat' dir='ltr'><strong>v,</strong></span> <span class='ocrx_word' id='word_1_15' title='bbox 1916 629 1967 672; x_wconf 90' lang='lat' dir='ltr'><strong>e.</strong></span> <span class='ocrx_word' id='word_1_16' title='bbox 2000 607 2086 686; x_wconf 77' lang='lat' dir='ltr'><strong>fb3</strong></span> <span class='ocrx_word' id='word_1_17' title='bbox 2140 613 2174 673; x_wconf 86' lang='lat'><strong>3</strong></span> <span class='ocrx_word' id='word_1_18' title='bbox 2212 635 2296 668; x_wconf 84' lang='lat'><strong><em>=</em></strong></span> <span class='ocrx_word' id='word_1_19' title='bbox 2329 610 2392 676; x_wconf 82' lang='lat' dir='ltr'><strong>C.</strong></span> <span class='ocrx_word' id='word_1_20' title='bbox 2426 627 2478 676; x_wconf 78' lang='lat' dir='ltr'><strong>v.</strong></span> 
     </span>
     <span class='ocr_line' id='line_1_3' title="bbox 193 712 700 792; baseline 0.006 -18"><span class='ocrx_word' id='word_1_21' title='bbox 193 733 234 775; x_wconf 85' lang='lat' dir='ltr'><strong>e.</strong></span> <span class='ocrx_word' id='word_1_22' title='bbox 264 716 314 775; x_wconf 94' lang='lat' dir='ltr'><strong>II</strong></span> <span class='ocrx_word' id='word_1_23' title='bbox 341 713 429 776; x_wconf 85' lang='lat' dir='ltr'><strong>fol.</strong></span> <span class='ocrx_word' id='word_1_24' title='bbox 469 712 588 776; x_wconf 73' lang='lat'><strong>32¹³</strong></span> <span class='ocrx_word' id='word_1_25' title='bbox 620 717 700 792; x_wconf 86' lang='lat' dir='ltr'><strong>fg.</strong></span> 
     </span>
    </p>
   </div>
   <div class='ocr_carea' id='block_1_3' title="bbox 307 889 2410 1048">
    <p class='ocr_par' dir='ltr' id='par_1_3' title="bbox 307 889 2410 1048">
     <span class='ocr_line' id='line_1_4' title="bbox 1233 889 1427 958; baseline -0.01 -2"><span class='ocrx_word' id='word_1_26' title='bbox 1233 889 1427 958; x_wconf 90' lang='lat' dir='ltr'><strong>LVII.</strong></span> 
     </span>
     <span class='ocr_line' id='line_1_5' title="bbox 307 994 2410 1048; baseline 0.002 -4"><span class='ocrx_word' id='word_1_27' title='bbox 307 994 597 1045; x_wconf 77' lang='lat' dir='ltr'><strong>Frankfurt.</strong></span> <span class='ocrx_word' id='word_1_28' title='bbox 1954 997 2019 1048; x_wconf 81' lang='lat'><strong>26</strong></span> <span class='ocrx_word' id='word_1_29' title='bbox 2056 994 2209 1048; x_wconf 79' lang='lat' dir='ltr'><strong>Febr.</strong></span> <span class='ocrx_word' id='word_1_30' title='bbox 2254 995 2410 1048; x_wconf 79' lang='lat'>1496.</span> 
     </span>
    </p>
   </div>
   <div class='ocr_carea' id='block_1_4' title="bbox 190 1113 2481 1214">
    <p class='ocr_par' dir='ltr' id='par_1_4' title="bbox 190 1113 2481 1214">
     <span class='ocr_line' id='line_1_6' title="bbox 190 1113 2481 1214; baseline 0.001 -27"><span class='ocrx_word' id='word_1_31' title='bbox 190 1113 569 1189; x_wconf 86' lang='lat' dir='ltr'><strong>Bernardus</strong></span> <span class='ocrx_word' id='word_1_32' title='bbox 601 1113 1018 1190; x_wconf 70' lang='lat' dir='ltr'><strong>Schoferlin</strong></span> <span class='ocrx_word' id='word_1_33' title='bbox 1047 1115 1320 1188; x_wconf 85' lang='lat' dir='ltr'><strong>Doctor</strong></span> <span class='ocrx_word' id='word_1_34' title='bbox 1353 1115 1635 1190; x_wconf 82' lang='lat' dir='ltr'><strong>Joanni</strong></span> <span class='ocrx_word' id='word_1_35' title='bbox 1662 1115 2029 1190; x_wconf 91' lang='lat' dir='ltr'><strong>Reuchlin</strong></span> <span class='ocrx_word' id='word_1_36' title='bbox 2056 1115 2481 1214; x_wconf 70' lang='lat' dir='ltr'><strong>Phor-censi,</strong></span> 
     </span>
    </p>
   </div>
   <div class='ocr_carea' id='block_1_5' title="bbox 181 1269 2493 3987">
    <p class='ocr_par' dir='ltr' id='par_1_5' title="bbox 181 1269 2493 3987">
     <span class='ocr_line' id='line_1_7' title="bbox 191 1269 2485 1356; baseline 0.003 -22"><span class='ocrx_word' id='word_1_37' title='bbox 191 1269 234 1334; x_wconf 87' lang='lat' dir='ltr'><strong>si</strong></span> <span class='ocrx_word' id='word_1_38' title='bbox 284 1290 398 1354; x_wconf 88' lang='lat' dir='ltr'><strong>qua</strong></span> <span class='ocrx_word' id='word_1_39' title='bbox 458 1270 638 1338; x_wconf 86' lang='lat' dir='ltr'><strong>salus</strong></span> <span class='ocrx_word' id='word_1_40' title='bbox 699 1291 974 1356; x_wconf 83' lang='lat' dir='ltr'><strong>usquam</strong></span> <span class='ocrx_word' id='word_1_41' title='bbox 1011 1272 1032 1310; x_wconf 85' lang='lat'><em>¹</em></span> <span class='ocrx_word' id='word_1_42' title='bbox 1091 1275 1220 1352; x_wconf 91' lang='lat' dir='ltr'><strong>est,</strong></span> <span class='ocrx_word' id='word_1_43' title='bbox 1283 1292 1426 1338; x_wconf 90' lang='lat' dir='ltr'><strong>eam</strong></span> <span class='ocrx_word' id='word_1_44' title='bbox 1490 1277 1774 1354; x_wconf 88' lang='lat' dir='ltr'><strong>exoptat.</strong></span> <span class='ocrx_word' id='word_1_45' title='bbox 1864 1273 2024 1338; x_wconf 90' lang='lat' dir='ltr'><strong>Rem</strong></span> <span class='ocrx_word' id='word_1_46' title='bbox 2081 1273 2297 1340; x_wconf 87' lang='lat' dir='ltr'><strong>animo</strong></span> <span class='ocrx_word' id='word_1_47' title='bbox 2340 1293 2485 1342; x_wconf 86' lang='lat' dir='ltr'><strong>meo</strong></span> 
     </span>
     <span class='ocr_line' id='line_1_8' title="bbox 191 1375 2487 1461; baseline 0.003 -23"><span class='ocrx_word' id='word_1_48' title='bbox 191 1395 440 1441; x_wconf 82' lang='lat' dir='ltr'><strong>amaram</strong></span> <span class='ocrx_word' id='word_1_49' title='bbox 504 1375 956 1461; x_wconf 84' lang='lat' dir='ltr'><strong>ambabusque</strong></span> <span class='ocrx_word' id='word_1_50' title='bbox 1015 1377 1248 1442; x_wconf 87' lang='lat' dir='ltr'><strong>erectis</strong></span> <span class='ocrx_word' id='word_1_51' title='bbox 1309 1375 1609 1442; x_wconf 88' lang='lat' dir='ltr'><strong>manibus</strong></span> <span class='ocrx_word' id='word_1_52' title='bbox 1666 1376 1829 1444; x_wconf 85' lang='lat' dir='ltr'><strong>coelo</strong></span> <span class='ocrx_word' id='word_1_53' title='bbox 1890 1377 1916 1416; x_wconf 77' lang='lat'>²</span> <span class='ocrx_word' id='word_1_54' title='bbox 1970 1375 2334 1446; x_wconf 85' lang='lat' dir='ltr'><strong>deflendam</strong></span> <span class='ocrx_word' id='word_1_55' title='bbox 2392 1379 2487 1446; x_wconf 88' lang='lat' dir='ltr'><strong>in-</strong></span> 
     </span>
     <span class='ocr_line' id='line_1_9' title="bbox 193 1479 2484 1569; baseline 0.003 -25"><span class='ocrx_word' id='word_1_56' title='bbox 193 1481 398 1546; x_wconf 78' lang='lat' dir='ltr'><strong>timasti</strong></span> <span class='ocrx_word' id='word_1_57' title='bbox 457 1480 714 1548; x_wconf 90' lang='lat' dir='ltr'><strong>obitum</strong></span> <span class='ocrx_word' id='word_1_58' title='bbox 789 1479 1090 1548; x_wconf 84' lang='lat' dir='ltr'><strong>videlicet</strong></span> <span class='ocrx_word' id='word_1_59' title='bbox 1161 1482 1388 1566; x_wconf 88' lang='lat' dir='ltr'><strong>optimi</strong></span> <span class='ocrx_word' id='word_1_60' title='bbox 1453 1481 1767 1565; x_wconf 87' lang='lat' dir='ltr'><strong>principis</strong></span> <span class='ocrx_word' id='word_1_61' title='bbox 1834 1483 2041 1548; x_wconf 81' lang='lat' dir='ltr'><strong>nostri</strong></span> <span class='ocrx_word' id='word_1_62' title='bbox 2096 1482 2149 1564; x_wconf 79' lang='lat'><strong>⁸,</strong></span> <span class='ocrx_word' id='word_1_63' title='bbox 2210 1484 2322 1569; x_wconf 91' lang='lat' dir='ltr'><strong>qui</strong></span> <span class='ocrx_word' id='word_1_64' title='bbox 2379 1504 2484 1551; x_wconf 88' lang='lat' dir='ltr'><strong>me</strong></span> 
     </span>
     <span class='ocr_line' id='line_1_10' title="bbox 200 1584 2486 1672; baseline 0.002 -23"><span class='ocrx_word' id='word_1_65' title='bbox 200 1584 348 1650; x_wconf 87' lang='lat' dir='ltr'><strong>deum</strong></span> <span class='ocrx_word' id='word_1_66' title='bbox 391 1593 624 1668; x_wconf 89' lang='lat' dir='ltr'><strong>testor,</strong></span> <span class='ocrx_word' id='word_1_67' title='bbox 674 1587 930 1670; x_wconf 86' lang='lat' dir='ltr'><strong>gravius</strong></span> <span class='ocrx_word' id='word_1_68' title='bbox 976 1607 1170 1672; x_wconf 90' lang='lat' dir='ltr'><strong>quam</strong></span> <span class='ocrx_word' id='word_1_69' title='bbox 1217 1584 1372 1652; x_wconf 91' lang='lat' dir='ltr'><strong>dum</strong></span> <span class='ocrx_word' id='word_1_70' title='bbox 1418 1585 1713 1652; x_wconf 86' lang='lat' dir='ltr'><strong>carnales</strong></span> <span class='ocrx_word' id='word_1_71' title='bbox 1742 1591 2051 1671; x_wconf 86' lang='lat' dir='ltr'><strong>parentes</strong></span> <span class='ocrx_word' id='word_1_72' title='bbox 2096 1589 2310 1670; x_wconf 89' lang='lat' dir='ltr'><strong>amisi,</strong></span> <span class='ocrx_word' id='word_1_73' title='bbox 2357 1609 2486 1656; x_wconf 91' lang='lat' dir='ltr'><strong>non</strong></span> 
     </span>
     <span class='ocr_line' id='line_1_11' title="bbox 205 1689 2487 1780; baseline 0.004 -28"><span class='ocrx_word' id='word_1_74' title='bbox 205 1696 304 1756; x_wconf 76' lang='lat' dir='ltr'><strong>tam</strong></span> <span class='ocrx_word' id='word_1_75' title='bbox 338 1693 468 1776; x_wconf 88' lang='lat' dir='ltr'><strong>ejus</strong></span> <span class='ocrx_word' id='word_1_76' title='bbox 531 1689 681 1778; x_wconf 89' lang='lat' dir='ltr'><strong>(qui</strong></span> <span class='ocrx_word' id='word_1_77' title='bbox 745 1713 1079 1758; x_wconf 90' lang='lat' dir='ltr'><strong>commune</strong></span> <span class='ocrx_word' id='word_1_78' title='bbox 1139 1691 1438 1758; x_wconf 89' lang='lat' dir='ltr'><strong>omnibus</strong></span> <span class='ocrx_word' id='word_1_79' title='bbox 1500 1691 1793 1758; x_wconf 89' lang='lat' dir='ltr'><strong>debitum</strong></span> <span class='ocrx_word' id='word_1_80' title='bbox 1856 1691 2162 1780; x_wconf 81' lang='lat' dir='ltr'><strong>exsolvit)</strong></span> <span class='ocrx_word' id='word_1_81' title='bbox 2217 1694 2246 1733; x_wconf 81' lang='lat'><strong>⁴</strong></span> <span class='ocrx_word' id='word_1_82' title='bbox 2292 1715 2487 1779; x_wconf 91' lang='lat' dir='ltr'><strong>quam</strong></span> 
     </span>
     <span class='ocr_line' id='line_1_12' title="bbox 211 1796 2478 1883; baseline 0.003 -25"><span class='ocrx_word' id='word_1_83' title='bbox 211 1796 377 1877; x_wconf 74' lang='lat' dir='ltr'><strong>patriae</strong></span> <span class='ocrx_word' id='word_1_84' title='bbox 422 1798 640 1863; x_wconf 85' lang='lat' dir='ltr'><strong>vicem</strong></span> <span class='ocrx_word' id='word_1_85' title='bbox 690 1796 932 1864; x_wconf 88' lang='lat' dir='ltr'><strong>dolens.</strong></span> <span class='ocrx_word' id='word_1_86' title='bbox 1027 1798 1240 1876; x_wconf 82' lang='lat' dir='ltr'><strong>Quare</strong></span> <span class='ocrx_word' id='word_1_87' title='bbox 1288 1797 1534 1863; x_wconf 86' lang='lat' dir='ltr'><strong>frustra</strong></span> <span class='ocrx_word' id='word_1_88' title='bbox 1580 1819 1622 1862; x_wconf 92' lang='lat' dir='ltr'><strong>a</strong></span> <span class='ocrx_word' id='word_1_89' title='bbox 1677 1819 1780 1862; x_wconf 90' lang='lat' dir='ltr'><strong>me</strong></span> <span class='ocrx_word' id='word_1_90' title='bbox 1827 1798 2163 1864; x_wconf 90' lang='lat' dir='ltr'><strong>consilium</strong></span> <span class='ocrx_word' id='word_1_91' title='bbox 2208 1799 2478 1883; x_wconf 79' lang='lat' dir='ltr'><strong>expetis,</strong></span> 
     </span>
     <span class='ocr_line' id='line_1_13' title="bbox 205 1901 2487 1986; baseline 0.002 -22"><span class='ocrx_word' id='word_1_92' title='bbox 205 1901 283 1982; x_wconf 87' lang='lat' dir='ltr'><strong>qui</strong></span> <span class='ocrx_word' id='word_1_93' title='bbox 306 1904 497 1968; x_wconf 89' lang='lat' dir='ltr'><strong>omnis</strong></span> <span class='ocrx_word' id='word_1_94' title='bbox 533 1903 790 1968; x_wconf 88' lang='lat' dir='ltr'><strong>consilii</strong></span> <span class='ocrx_word' id='word_1_95' title='bbox 831 1924 906 1968; x_wconf 87' lang='lat' dir='ltr'><strong>ac</strong></span> <span class='ocrx_word' id='word_1_96' title='bbox 939 1902 1396 1970; x_wconf 76' lang='lat' dir='ltr'><strong>consolationis</strong></span> <span class='ocrx_word' id='word_1_97' title='bbox 1443 1924 1677 1986; x_wconf 81' lang='lat' dir='ltr'><strong>expers</strong></span> <span class='ocrx_word' id='word_1_98' title='bbox 1708 1923 1869 1968; x_wconf 87' lang='lat' dir='ltr'><strong>sum.</strong></span> <span class='ocrx_word' id='word_1_99' title='bbox 1915 1902 2012 1968; x_wconf 92' lang='lat' dir='ltr'><strong>Ne</strong></span> <span class='ocrx_word' id='word_1_100' title='bbox 2044 1909 2261 1970; x_wconf 89' lang='lat' dir='ltr'><strong>tamen</strong></span> <span class='ocrx_word' id='word_1_101' title='bbox 2296 1902 2487 1970; x_wconf 87' lang='lat' dir='ltr'><strong>amici</strong></span> 
     </span>
     <span class='ocr_line' id='line_1_14' title="bbox 195 2003 2483 2094; baseline 0.002 -24"><span class='ocrx_word' id='word_1_102' title='bbox 195 2003 430 2078; x_wconf 85' lang='lat' dir='ltr'><strong>officium</strong></span> <span class='ocrx_word' id='word_1_103' title='bbox 471 2009 600 2074; x_wconf 81' lang='lat' dir='ltr'><strong>tibi</strong></span> <span class='ocrx_word' id='word_1_104' title='bbox 635 2008 972 2092; x_wconf 87' lang='lat' dir='ltr'><strong>denegem:</strong></span> <span class='ocrx_word' id='word_1_105' title='bbox 1018 2009 1298 2093; x_wconf 88' lang='lat' dir='ltr'><strong>primum</strong></span> <span class='ocrx_word' id='word_1_106' title='bbox 1328 2009 1394 2072; x_wconf 91' lang='lat' dir='ltr'><strong>in</strong></span> <span class='ocrx_word' id='word_1_107' title='bbox 1440 2009 1620 2075; x_wconf 87' lang='lat' dir='ltr'><strong>nulla</strong></span> <span class='ocrx_word' id='word_1_108' title='bbox 1650 2028 1721 2074; x_wconf 92' lang='lat' dir='ltr'><strong>re</strong></span> <span class='ocrx_word' id='word_1_109' title='bbox 1754 2007 2291 2093; x_wconf 82' lang='lat' dir='ltr'><strong>desperationem,</strong></span> <span class='ocrx_word' id='word_1_110' title='bbox 2340 2030 2483 2094; x_wconf 82' lang='lat' dir='ltr'><strong>quae</strong></span> 
     </span>
     <span class='ocr_line' id='line_1_15' title="bbox 191 2111 2484 2194; baseline 0.003 -20"><span class='ocrx_word' id='word_1_111' title='bbox 191 2113 441 2180; x_wconf 85' lang='lat' dir='ltr'><strong>omnibus</strong></span> <span class='ocrx_word' id='word_1_112' title='bbox 487 2115 794 2179; x_wconf 88' lang='lat' dir='ltr'><strong>humanis</strong></span> <span class='ocrx_word' id='word_1_113' title='bbox 840 2115 906 2178; x_wconf 93' lang='lat' dir='ltr'><strong>in</strong></span> <span class='ocrx_word' id='word_1_114' title='bbox 949 2113 1144 2180; x_wconf 88' lang='lat' dir='ltr'><strong>rebus</strong></span> <span class='ocrx_word' id='word_1_115' title='bbox 1193 2113 1454 2180; x_wconf 83' lang='lat' dir='ltr'><strong>exitiale</strong></span> <span class='ocrx_word' id='word_1_116' title='bbox 1500 2113 1747 2180; x_wconf 84' lang='lat' dir='ltr'><strong>malum</strong></span> <span class='ocrx_word' id='word_1_117' title='bbox 1778 2119 1907 2194; x_wconf 86' lang='lat' dir='ltr'><strong>est,</strong></span> <span class='ocrx_word' id='word_1_118' title='bbox 1954 2114 2423 2182; x_wconf 86' lang='lat' dir='ltr'><strong>admittendam</strong></span> <span class='ocrx_word' id='word_1_119' title='bbox 2458 2111 2484 2154; x_wconf 84' lang='lat'>⁶</span> 
     </span>
     <span class='ocr_line' id='line_1_16' title="bbox 187 2217 2477 2299; baseline 0.003 -19"><span class='ocrx_word' id='word_1_120' title='bbox 187 2236 315 2282; x_wconf 85' lang='lat' dir='ltr'><strong>esse.</strong></span> <span class='ocrx_word' id='word_1_121' title='bbox 400 2219 528 2284; x_wconf 88' lang='lat' dir='ltr'><strong>Sed</strong></span> <span class='ocrx_word' id='word_1_122' title='bbox 603 2219 716 2283; x_wconf 92' lang='lat' dir='ltr'><strong>ubi</strong></span> <span class='ocrx_word' id='word_1_123' title='bbox 762 2219 1110 2285; x_wconf 89' lang='lat' dir='ltr'><strong>humanum</strong></span> <span class='ocrx_word' id='word_1_124' title='bbox 1158 2217 1405 2299; x_wconf 89' lang='lat' dir='ltr'><strong>deficit,</strong></span> <span class='ocrx_word' id='word_1_125' title='bbox 1461 2218 1745 2285; x_wconf 86' lang='lat' dir='ltr'><strong>divinum</strong></span> <span class='ocrx_word' id='word_1_126' title='bbox 1804 2239 1947 2286; x_wconf 88' lang='lat' dir='ltr'><strong>esse</strong></span> <span class='ocrx_word' id='word_1_127' title='bbox 1994 2220 2333 2287; x_wconf 89' lang='lat' dir='ltr'><strong>consilium</strong></span> <span class='ocrx_word' id='word_1_128' title='bbox 2377 2240 2477 2286; x_wconf 90' lang='lat' dir='ltr'><strong>re-</strong></span> 
     </span>
     <span class='ocr_line' id='line_1_17' title="bbox 186 2321 2486 2408; baseline 0.002 -23"><span class='ocrx_word' id='word_1_129' title='bbox 186 2321 560 2404; x_wconf 88' lang='lat' dir='ltr'><strong>quirendum.</strong></span> <span class='ocrx_word' id='word_1_130' title='bbox 659 2323 957 2389; x_wconf 89' lang='lat' dir='ltr'><strong>Orandus</strong></span> <span class='ocrx_word' id='word_1_131' title='bbox 1022 2329 1123 2388; x_wconf 88' lang='lat' dir='ltr'><strong>est</strong></span> <span class='ocrx_word' id='word_1_132' title='bbox 1182 2329 1441 2391; x_wconf 87' lang='lat' dir='ltr'><strong>creator</strong></span> <span class='ocrx_word' id='word_1_133' title='bbox 1507 2323 1790 2390; x_wconf 90' lang='lat' dir='ltr'><strong>omnium</strong></span> <span class='ocrx_word' id='word_1_134' title='bbox 1844 2330 1919 2391; x_wconf 89' lang='lat' dir='ltr'><strong>ut</strong></span> <span class='ocrx_word' id='word_1_135' title='bbox 1981 2347 2143 2391; x_wconf 88' lang='lat' dir='ltr'><strong>novo</strong></span> <span class='ocrx_word' id='word_1_136' title='bbox 2210 2323 2486 2408; x_wconf 82' lang='lat' dir='ltr'><strong>principi</strong></span> 
     </span>
     <span class='ocr_line' id='line_1_18' title="bbox 182 2427 2485 2515; baseline 0.003 -26"><span class='ocrx_word' id='word_1_137' title='bbox 182 2433 368 2494; x_wconf 88' lang='lat' dir='ltr'><strong>nostro</strong></span> <span class='ocrx_word' id='word_1_138' title='bbox 415 2433 710 2495; x_wconf 87' lang='lat' dir='ltr'><strong>mentem</strong></span> <span class='ocrx_word' id='word_1_139' title='bbox 759 2449 982 2495; x_wconf 85' lang='lat' dir='ltr'><strong>sanam</strong></span> <span class='ocrx_word' id='word_1_140' title='bbox 1027 2427 1297 2509; x_wconf 83' lang='lat' dir='ltr'><strong>tribuat,</strong></span> <span class='ocrx_word' id='word_1_141' title='bbox 1343 2450 1422 2495; x_wconf 95' lang='lat' dir='ltr'><strong>ne</strong></span> <span class='ocrx_word' id='word_1_142' title='bbox 1471 2430 1677 2495; x_wconf 89' lang='lat' dir='ltr'><strong>omnis</strong></span> <span class='ocrx_word' id='word_1_143' title='bbox 1720 2429 2027 2496; x_wconf 87' lang='lat' dir='ltr'><strong>honestas</strong></span> <span class='ocrx_word' id='word_1_144' title='bbox 2058 2432 2287 2515; x_wconf 85' lang='lat' dir='ltr'><strong>patriae</strong></span> <span class='ocrx_word' id='word_1_145' title='bbox 2330 2435 2485 2496; x_wconf 85' lang='lat' dir='ltr'><strong>ruat</strong></span> 
     </span>
     <span class='ocr_line' id='line_1_19' title="bbox 188 2533 2481 2620; baseline 0.003 -26"><span class='ocrx_word' id='word_1_146' title='bbox 188 2537 240 2596; x_wconf 85' lang='lat' dir='ltr'><strong>et</strong></span> <span class='ocrx_word' id='word_1_147' title='bbox 276 2535 699 2618; x_wconf 79' lang='lat' dir='ltr'><strong>opprimatur.</strong></span> <span class='ocrx_word' id='word_1_148' title='bbox 794 2534 932 2599; x_wconf 91' lang='lat' dir='ltr'><strong>Hoc</strong></span> <span class='ocrx_word' id='word_1_149' title='bbox 985 2533 1293 2599; x_wconf 73' lang='lat' dir='ltr'><strong>inducere</strong></span> <span class='ocrx_word' id='word_1_150' title='bbox 1351 2534 1416 2598; x_wconf 88' lang='lat' dir='ltr'><strong>in</strong></span> <span class='ocrx_word' id='word_1_151' title='bbox 1473 2535 1757 2600; x_wconf 88' lang='lat' dir='ltr'><strong>animum</strong></span> <span class='ocrx_word' id='word_1_152' title='bbox 1804 2537 1941 2620; x_wconf 89' lang='lat' dir='ltr'><strong>ejus</strong></span> <span class='ocrx_word' id='word_1_153' title='bbox 1988 2536 2267 2602; x_wconf 88' lang='lat' dir='ltr'><strong>fortasse</strong></span> <span class='ocrx_word' id='word_1_154' title='bbox 2316 2533 2481 2600; x_wconf 86' lang='lat' dir='ltr'><strong>diffi-</strong></span> 
     </span>
     <span class='ocr_line' id='line_1_20' title="bbox 185 2637 2486 2724; baseline 0.003 -25"><span class='ocrx_word' id='word_1_155' title='bbox 185 2637 284 2702; x_wconf 84' lang='lat' dir='ltr'><strong>cile</strong></span> <span class='ocrx_word' id='word_1_156' title='bbox 333 2645 446 2720; x_wconf 89' lang='lat' dir='ltr'><strong>est,</strong></span> <span class='ocrx_word' id='word_1_157' title='bbox 493 2639 722 2704; x_wconf 88' lang='lat' dir='ltr'><strong>nescio</strong></span> <span class='ocrx_word' id='word_1_158' title='bbox 771 2638 940 2703; x_wconf 90' lang='lat' dir='ltr'><strong>enim</strong></span> <span class='ocrx_word' id='word_1_159' title='bbox 987 2639 1222 2724; x_wconf 88' lang='lat' dir='ltr'><strong>quibus</strong></span> <span class='ocrx_word' id='word_1_160' title='bbox 1267 2637 1461 2704; x_wconf 89' lang='lat' dir='ltr'><strong>fidem</strong></span> <span class='ocrx_word' id='word_1_161' title='bbox 1508 2639 1836 2705; x_wconf 90' lang='lat' dir='ltr'><strong>adhibeat.</strong></span> <span class='ocrx_word' id='word_1_162' title='bbox 1916 2640 2044 2706; x_wconf 89' lang='lat' dir='ltr'><strong>Sed</strong></span> <span class='ocrx_word' id='word_1_163' title='bbox 2076 2641 2486 2720; x_wconf 87' lang='lat' dir='ltr'><strong>conduceret,</strong></span> 
     </span>
     <span class='ocr_line' id='line_1_21' title="bbox 183 2743 2488 2830; baseline 0.002 -24"><span class='ocrx_word' id='word_1_164' title='bbox 183 2749 244 2806; x_wconf 89' lang='lat' dir='ltr'><strong>ut</strong></span> <span class='ocrx_word' id='word_1_165' title='bbox 282 2745 504 2826; x_wconf 90' lang='lat' dir='ltr'><strong>credo,</strong></span> <span class='ocrx_word' id='word_1_166' title='bbox 572 2743 627 2809; x_wconf 90' lang='lat' dir='ltr'><strong>si</strong></span> <span class='ocrx_word' id='word_1_167' title='bbox 673 2745 956 2828; x_wconf 70' lang='lat' dir='ltr'><strong>praelati,</strong></span> <span class='ocrx_word' id='word_1_168' title='bbox 1002 2743 1250 2809; x_wconf 85' lang='lat' dir='ltr'><strong>nobiles</strong></span> <span class='ocrx_word' id='word_1_169' title='bbox 1297 2751 1497 2828; x_wconf 88' lang='lat' dir='ltr'><strong>atque</strong></span> <span class='ocrx_word' id='word_1_170' title='bbox 1543 2746 1794 2828; x_wconf 89' lang='lat' dir='ltr'><strong>priores</strong></span> <span class='ocrx_word' id='word_1_171' title='bbox 1840 2745 2069 2830; x_wconf 85' lang='lat' dir='ltr'><strong>patriae</strong></span> <span class='ocrx_word' id='word_1_172' title='bbox 2117 2751 2355 2811; x_wconf 85' lang='lat' dir='ltr'><strong>nostrae</strong></span> <span class='ocrx_word' id='word_1_173' title='bbox 2404 2745 2488 2810; x_wconf 90' lang='lat' dir='ltr'><strong>ci-</strong></span> 
     </span>
     <span class='ocr_line' id='line_1_22' title="bbox 182 2849 2488 2936; baseline 0.003 -26"><span class='ocrx_word' id='word_1_174' title='bbox 182 2867 272 2914; x_wconf 83' lang='lat' dir='ltr'><strong>ves</strong></span> <span class='ocrx_word' id='word_1_175' title='bbox 311 2854 878 2936; x_wconf 85' lang='lat' dir='ltr'><strong>congregarentur,</strong></span> <span class='ocrx_word' id='word_1_176' title='bbox 925 2849 980 2914; x_wconf 93' lang='lat' dir='ltr'><strong>si</strong></span> <span class='ocrx_word' id='word_1_177' title='bbox 1029 2849 1182 2934; x_wconf 91' lang='lat' dir='ltr'><strong>quid</strong></span> <span class='ocrx_word' id='word_1_178' title='bbox 1215 2850 1480 2933; x_wconf 86' lang='lat' dir='ltr'><strong>singulis</strong></span> <span class='ocrx_word' id='word_1_179' title='bbox 1514 2851 1962 2933; x_wconf 87' lang='lat' dir='ltr'><strong>denegaretur,</strong></span> <span class='ocrx_word' id='word_1_180' title='bbox 2012 2850 2307 2916; x_wconf 92' lang='lat' dir='ltr'><strong>omnibus</strong></span> <span class='ocrx_word' id='word_1_181' title='bbox 2340 2871 2488 2916; x_wconf 90' lang='lat' dir='ltr'><strong>con-</strong></span> 
     </span>
     <span class='ocr_line' id='line_1_23' title="bbox 186 2951 2487 3040; baseline 0.002 -24"><span class='ocrx_word' id='word_1_182' title='bbox 186 2951 456 3036; x_wconf 88' lang='lat' dir='ltr'><strong>donaret,</strong></span> <span class='ocrx_word' id='word_1_183' title='bbox 506 2960 587 3021; x_wconf 88' lang='lat' dir='ltr'><strong>ut</strong></span> <span class='ocrx_word' id='word_1_184' title='bbox 632 2955 733 3020; x_wconf 84' lang='lat' dir='ltr'><strong>vel</strong></span> <span class='ocrx_word' id='word_1_185' title='bbox 780 2975 918 3035; x_wconf 91' lang='lat' dir='ltr'><strong>eos,</strong></span> <span class='ocrx_word' id='word_1_186' title='bbox 969 2956 1081 3039; x_wconf 90' lang='lat' dir='ltr'><strong>qui</strong></span> <span class='ocrx_word' id='word_1_187' title='bbox 1128 2977 1206 3019; x_wconf 86' lang='lat' dir='ltr'><strong>ex</strong></span> <span class='ocrx_word' id='word_1_188' title='bbox 1253 2955 1658 3021; x_wconf 89' lang='lat' dir='ltr'><strong>ordinatione</strong></span> <span class='ocrx_word' id='word_1_189' title='bbox 1698 2956 1835 3040; x_wconf 87' lang='lat' dir='ltr'><strong>jam</strong></span> <span class='ocrx_word' id='word_1_190' title='bbox 1880 2955 2131 3040; x_wconf 86' lang='lat' dir='ltr'><strong>pridem</strong></span> <span class='ocrx_word' id='word_1_191' title='bbox 2180 2955 2356 3022; x_wconf 87' lang='lat' dir='ltr'><strong>facta</strong></span> <span class='ocrx_word' id='word_1_192' title='bbox 2400 2955 2487 3020; x_wconf 91' lang='lat' dir='ltr'><strong>ad</strong></span> 
     </span>
     <span class='ocr_line' id='line_1_24' title="bbox 184 3055 2485 3146; baseline 0.002 -24"><span class='ocrx_word' id='word_1_193' title='bbox 184 3055 284 3125; x_wconf 86' lang='lat' dir='ltr'><strong>hoc</strong></span> <span class='ocrx_word' id='word_1_194' title='bbox 314 3061 622 3146; x_wconf 87' lang='lat' dir='ltr'><strong>deputati</strong></span> <span class='ocrx_word' id='word_1_195' title='bbox 667 3062 836 3140; x_wconf 74' lang='lat' dir='ltr'><strong>sunt,</strong></span> <span class='ocrx_word' id='word_1_196' title='bbox 885 3060 1180 3144; x_wconf 89' lang='lat' dir='ltr'><strong>regimini</strong></span> <span class='ocrx_word' id='word_1_197' title='bbox 1225 3062 1454 3143; x_wconf 87' lang='lat' dir='ltr'><strong>patriae</strong></span> <span class='ocrx_word' id='word_1_198' title='bbox 1500 3067 1910 3146; x_wconf 75' lang='lat' dir='ltr'><strong>praeponeret</strong></span> <span class='ocrx_word' id='word_1_199' title='bbox 1955 3061 2057 3128; x_wconf 84' lang='lat' dir='ltr'><strong>vel</strong></span> <span class='ocrx_word' id='word_1_200' title='bbox 2103 3061 2284 3143; x_wconf 87' lang='lat' dir='ltr'><strong>alios,</strong></span> <span class='ocrx_word' id='word_1_201' title='bbox 2332 3061 2485 3127; x_wconf 92' lang='lat' dir='ltr'><strong>dum</strong></span> 
     </span>
     <span class='ocr_line' id='line_1_25' title="bbox 185 3165 2485 3250; baseline 0.003 -24"><span class='ocrx_word' id='word_1_202' title='bbox 185 3167 374 3232; x_wconf 83' lang='lat' dir='ltr'><strong>tamen</strong></span> <span class='ocrx_word' id='word_1_203' title='bbox 428 3167 749 3232; x_wconf 88' lang='lat' dir='ltr'><strong>honostos</strong></span> <span class='ocrx_word' id='word_1_204' title='bbox 808 3166 979 3230; x_wconf 87' lang='lat' dir='ltr'><strong>viros</strong></span> <span class='ocrx_word' id='word_1_205' title='bbox 1027 3165 1354 3250; x_wconf 89' lang='lat' dir='ltr'><strong>deligeret,</strong></span> <span class='ocrx_word' id='word_1_206' title='bbox 1417 3167 1498 3232; x_wconf 93' lang='lat' dir='ltr'><strong>de</strong></span> <span class='ocrx_word' id='word_1_207' title='bbox 1560 3167 1824 3234; x_wconf 88' lang='lat' dir='ltr'><strong>consilio</strong></span> <span class='ocrx_word' id='word_1_208' title='bbox 1872 3173 2178 3234; x_wconf 89' lang='lat' dir='ltr'><strong>statuum.</strong></span> <span class='ocrx_word' id='word_1_209' title='bbox 2275 3167 2485 3234; x_wconf 90' lang='lat' dir='ltr'><strong>Credo</strong></span> 
     </span>
     <span class='ocr_line' id='line_1_26' title="bbox 184 3270 2489 3356; baseline 0.002 -24"><span class='ocrx_word' id='word_1_210' title='bbox 184 3271 324 3336; x_wconf 88' lang='lat' dir='ltr'><strong>enim</strong></span> <span class='ocrx_word' id='word_1_211' title='bbox 367 3272 696 3338; x_wconf 88' lang='lat' dir='ltr'><strong>neminem</strong></span> <span class='ocrx_word' id='word_1_212' title='bbox 746 3292 826 3336; x_wconf 86' lang='lat' dir='ltr'><strong>ex</strong></span> <span class='ocrx_word' id='word_1_213' title='bbox 871 3270 950 3336; x_wconf 89' lang='lat' dir='ltr'><strong>iis</strong></span> <span class='ocrx_word' id='word_1_214' title='bbox 998 3271 1107 3356; x_wconf 88' lang='lat' dir='ltr'><strong>qui</strong></span> <span class='ocrx_word' id='word_1_215' title='bbox 1154 3270 1307 3337; x_wconf 88' lang='lat' dir='ltr'><strong>boni</strong></span> <span class='ocrx_word' id='word_1_216' title='bbox 1355 3277 1506 3338; x_wconf 88' lang='lat' dir='ltr'><strong>sunt</strong></span> <span class='ocrx_word' id='word_1_217' title='bbox 1552 3273 1638 3338; x_wconf 89' lang='lat' dir='ltr'><strong>ad</strong></span> <span class='ocrx_word' id='word_1_218' title='bbox 1681 3272 1804 3340; x_wconf 92' lang='lat' dir='ltr'><strong>hoc</strong></span> <span class='ocrx_word' id='word_1_219' title='bbox 1836 3273 2117 3340; x_wconf 80' lang='lat' dir='ltr'><strong>officium</strong></span> <span class='ocrx_word' id='word_1_220' title='bbox 2183 3273 2311 3338; x_wconf 92' lang='lat' dir='ltr'><strong>nisi</strong></span> <span class='ocrx_word' id='word_1_221' title='bbox 2355 3294 2489 3338; x_wconf 91' lang='lat' dir='ltr'><strong>ma-</strong></span> 
     </span>
     <span class='ocr_line' id='line_1_27' title="bbox 182 3377 2484 3464; baseline 0.003 -25"><span class='ocrx_word' id='word_1_222' title='bbox 182 3393 284 3454; x_wconf 84' lang='lat' dir='ltr'><strong>gno</strong></span> <span class='ocrx_word' id='word_1_223' title='bbox 326 3398 554 3442; x_wconf 89' lang='lat' dir='ltr'><strong>amore</strong></span> <span class='ocrx_word' id='word_1_224' title='bbox 599 3377 829 3461; x_wconf 74' lang='lat' dir='ltr'><strong>patriae</strong></span> <span class='ocrx_word' id='word_1_225' title='bbox 875 3397 1256 3460; x_wconf 89' lang='lat' dir='ltr'><strong>persuasum</strong></span> <span class='ocrx_word' id='word_1_226' title='bbox 1289 3377 1555 3443; x_wconf 88' lang='lat' dir='ltr'><strong>ambire.</strong></span> <span class='ocrx_word' id='word_1_227' title='bbox 1619 3379 1805 3457; x_wconf 87' lang='lat' dir='ltr'><strong>Quod</strong></span> <span class='ocrx_word' id='word_1_228' title='bbox 1850 3381 1907 3445; x_wconf 88' lang='lat' dir='ltr'><strong>si</strong></span> <span class='ocrx_word' id='word_1_229' title='bbox 1952 3380 2125 3446; x_wconf 83' lang='lat' dir='ltr'><strong>leves</strong></span> <span class='ocrx_word' id='word_1_230' title='bbox 2170 3399 2484 3464; x_wconf 84' lang='lat' dir='ltr'><strong>personas</strong></span> 
     </span>
     <span class='ocr_line' id='line_1_28' title="bbox 181 3481 2486 3569; baseline 0.003 -27"><span class='ocrx_word' id='word_1_231' title='bbox 181 3485 242 3544; x_wconf 87' lang='lat' dir='ltr'><strong>ut</strong></span> <span class='ocrx_word' id='word_1_232' title='bbox 267 3483 592 3566; x_wconf 88' lang='lat' dir='ltr'><strong>quondam</strong></span> <span class='ocrx_word' id='word_1_233' title='bbox 626 3481 710 3546; x_wconf 87' lang='lat' dir='ltr'><strong>ad</strong></span> <span class='ocrx_word' id='word_1_234' title='bbox 741 3481 864 3548; x_wconf 92' lang='lat' dir='ltr'><strong>hoc</strong></span> <span class='ocrx_word' id='word_1_235' title='bbox 903 3481 1242 3548; x_wconf 89' lang='lat' dir='ltr'><strong>admiserit</strong></span> <span class='ocrx_word' id='word_1_236' title='bbox 1273 3481 1318 3563; x_wconf 79' lang='lat'><strong>⁶,</strong></span> <span class='ocrx_word' id='word_1_237' title='bbox 1366 3483 1446 3548; x_wconf 92' lang='lat' dir='ltr'><strong>de</strong></span> <span class='ocrx_word' id='word_1_238' title='bbox 1476 3485 1697 3566; x_wconf 90' lang='lat' dir='ltr'><strong>patria</strong></span> <span class='ocrx_word' id='word_1_239' title='bbox 1743 3489 1810 3550; x_wconf 92' lang='lat' dir='ltr'><strong>et</strong></span> <span class='ocrx_word' id='word_1_240' title='bbox 1854 3484 2065 3550; x_wconf 83' lang='lat' dir='ltr'><strong>salute</strong></span> <span class='ocrx_word' id='word_1_241' title='bbox 2111 3484 2486 3569; x_wconf 83' lang='lat' dir='ltr'><strong>reipublicae</strong></span> 
     </span>
     <span class='ocr_line' id='line_1_29' title="bbox 181 3587 2487 3672; baseline 0.003 -24"><span class='ocrx_word' id='word_1_242' title='bbox 181 3592 394 3652; x_wconf 84' lang='lat' dir='ltr'><strong>nostrae</strong></span> <span class='ocrx_word' id='word_1_243' title='bbox 441 3593 665 3653; x_wconf 86' lang='lat' dir='ltr'><strong>actum</strong></span> <span class='ocrx_word' id='word_1_244' title='bbox 712 3593 910 3672; x_wconf 89' lang='lat' dir='ltr'><strong>atque</strong></span> <span class='ocrx_word' id='word_1_245' title='bbox 957 3587 1434 3654; x_wconf 87' lang='lat' dir='ltr'><strong>conclamatum</strong></span> <span class='ocrx_word' id='word_1_246' title='bbox 1467 3595 1587 3654; x_wconf 86' lang='lat' dir='ltr'><strong>est.</strong></span> <span class='ocrx_word' id='word_1_247' title='bbox 1678 3588 1901 3656; x_wconf 86' lang='lat' dir='ltr'><strong>Habes</strong></span> <span class='ocrx_word' id='word_1_248' title='bbox 1945 3588 2279 3654; x_wconf 91' lang='lat' dir='ltr'><strong>consilium</strong></span> <span class='ocrx_word' id='word_1_249' title='bbox 2312 3589 2487 3654; x_wconf 89' lang='lat' dir='ltr'><strong>iners</strong></span> 
     </span>
     <span class='ocr_line' id='line_1_30' title="bbox 183 3691 2489 3777; baseline 0.003 -27"><span class='ocrx_word' id='word_1_250' title='bbox 183 3693 356 3773; x_wconf 84' lang='lat' dir='ltr'><strong>atque</strong></span> <span class='ocrx_word' id='word_1_251' title='bbox 385 3691 754 3772; x_wconf 87' lang='lat' dir='ltr'><strong>turbatum,</strong></span> <span class='ocrx_word' id='word_1_252' title='bbox 802 3691 898 3755; x_wconf 90' lang='lat' dir='ltr'><strong>ita</strong></span> <span class='ocrx_word' id='word_1_253' title='bbox 942 3698 1017 3756; x_wconf 91' lang='lat' dir='ltr'><strong>ut</strong></span> <span class='ocrx_word' id='word_1_254' title='bbox 1047 3697 1146 3757; x_wconf 86' lang='lat' dir='ltr'><strong>est</strong></span> <span class='ocrx_word' id='word_1_255' title='bbox 1193 3692 1448 3759; x_wconf 89' lang='lat' dir='ltr'><strong>animus</strong></span> <span class='ocrx_word' id='word_1_256' title='bbox 1493 3715 1695 3759; x_wconf 91' lang='lat' dir='ltr'><strong>meus.</strong></span> <span class='ocrx_word' id='word_1_257' title='bbox 1790 3693 1918 3759; x_wconf 91' lang='lat' dir='ltr'><strong>Sed</strong></span> <span class='ocrx_word' id='word_1_258' title='bbox 1974 3698 2047 3758; x_wconf 90' lang='lat' dir='ltr'><strong>tu</strong></span> <span class='ocrx_word' id='word_1_259' title='bbox 2100 3714 2220 3777; x_wconf 88' lang='lat' dir='ltr'><strong>pro</strong></span> <span class='ocrx_word' id='word_1_260' title='bbox 2265 3693 2489 3758; x_wconf 83' lang='lat' dir='ltr'><strong>huma-</strong></span> 
     </span>
     <span class='ocr_line' id='line_1_31' title="bbox 181 3793 2493 3877; baseline 0.003 -22"><span class='ocrx_word' id='word_1_261' title='bbox 181 3793 364 3861; x_wconf 82' lang='lat' dir='ltr'><strong>nitate</strong></span> <span class='ocrx_word' id='word_1_262' title='bbox 410 3802 530 3862; x_wconf 91' lang='lat' dir='ltr'><strong>tua</strong></span> <span class='ocrx_word' id='word_1_263' title='bbox 577 3796 807 3877; x_wconf 90' lang='lat' dir='ltr'><strong>crede,</strong></span> <span class='ocrx_word' id='word_1_264' title='bbox 853 3796 922 3861; x_wconf 87' lang='lat' dir='ltr'><strong>id</strong></span> <span class='ocrx_word' id='word_1_265' title='bbox 968 3796 1136 3862; x_wconf 86' lang='lat' dir='ltr'><strong>bono</strong></span> <span class='ocrx_word' id='word_1_266' title='bbox 1195 3797 1407 3863; x_wconf 86' lang='lat' dir='ltr'><strong>animo</strong></span> <span class='ocrx_word' id='word_1_267' title='bbox 1457 3797 1757 3865; x_wconf 89' lang='lat' dir='ltr'><strong>effluisse.</strong></span> <span class='ocrx_word' id='word_1_268' title='bbox 1854 3798 1923 3864; x_wconf 93' lang='lat' dir='ltr'><strong>Si</strong></span> <span class='ocrx_word' id='word_1_269' title='bbox 1984 3798 2154 3864; x_wconf 91' lang='lat' dir='ltr'><strong>enim</strong></span> <span class='ocrx_word' id='word_1_270' title='bbox 2228 3798 2493 3864; x_wconf 84' lang='lat' dir='ltr'><strong>utiliora</strong></span> 
     </span>
     <span class='ocr_line' id='line_1_32' title="bbox 183 3901 2493 3987; baseline 0.003 -25"><span class='ocrx_word' id='word_1_271' title='bbox 183 3901 516 3979; x_wconf 74' lang='lat' dir='ltr'><strong>praevidere</strong></span> <span class='ocrx_word' id='word_1_272' title='bbox 564 3902 925 3987; x_wconf 90' lang='lat' dir='ltr'><strong>contingas,</strong></span> <span class='ocrx_word' id='word_1_273' title='bbox 973 3903 1097 3969; x_wconf 85' lang='lat' dir='ltr'><strong>tibi</strong></span> <span class='ocrx_word' id='word_1_274' title='bbox 1146 3903 1648 3970; x_wconf 69' lang='lat' dir='ltr'><strong>communicabo</strong></span> <span class='ocrx_word' id='word_1_275' title='bbox 1741 3903 1839 3970; x_wconf 87' lang='lat' dir='ltr'><strong>Tu</strong></span> <span class='ocrx_word' id='word_1_276' title='bbox 1882 3902 2044 3969; x_wconf 85' lang='lat' dir='ltr'><strong>vale.</strong></span> <span class='ocrx_word' id='word_1_277' title='bbox 2116 3903 2217 3969; x_wconf 89' lang='lat' dir='ltr'><strong>Ex</strong></span> <span class='ocrx_word' id='word_1_278' title='bbox 2257 3903 2493 3968; x_wconf 87' lang='lat' dir='ltr'><strong>Franc-</strong></span> 
     </span>
    </p>
   </div>
   <div class='ocr_carea' id='block_1_6' title="bbox 184 4001 2479 4093">
    <p class='ocr_par' dir='ltr' id='par_1_6' title="bbox 184 4001 2479 4093">
     <span class='ocr_line' id='line_1_33' title="bbox 184 4001 2479 4093; baseline 0.003 -26"><span class='ocrx_word' id='word_1_279' title='bbox 184 4001 372 4073; x_wconf 77' lang='lat' dir='ltr'><strong>ferdia</strong></span> <span class='ocrx_word' id='word_1_280' title='bbox 417 4007 522 4074; x_wconf 81' lang='lat' dir='ltr'><strong>die</strong></span> <span class='ocrx_word' id='word_1_281' title='bbox 569 4007 768 4074; x_wconf 84' lang='lat' dir='ltr'><strong>Lunae</strong></span> <span class='ocrx_word' id='word_1_282' title='bbox 829 4012 979 4093; x_wconf 87' lang='lat' dir='ltr'><strong>post</strong></span> <span class='ocrx_word' id='word_1_283' title='bbox 1023 4008 1409 4076; x_wconf 81' lang='lat' dir='ltr'><strong>dominicam</strong></span> <span class='ocrx_word' id='word_1_284' title='bbox 1455 4009 1910 4076; x_wconf 89' lang='lat' dir='ltr'><strong>Reminiscere.</strong></span> <span class='ocrx_word' id='word_1_285' title='bbox 2005 4009 2190 4076; x_wconf 89' lang='lat' dir='ltr'><strong>Anno</strong></span> <span class='ocrx_word' id='word_1_286' title='bbox 2252 4007 2479 4076; x_wconf 86' lang='lat' dir='ltr'><strong>salutis</strong></span> 
     </span>
    </p>
   </div>
   <div class='ocr_carea' id='block_1_7' title="bbox 191 4113 1336 4268">
    <p class='ocr_par' dir='ltr' id='par_1_7' title="bbox 191 4113 1336 4268">
     <span class='ocr_line' id='line_1_34' title="bbox 191 4113 360 4174; baseline 0.012 -2"><span class='ocrx_word' id='word_1_287' title='bbox 191 4113 360 4174; x_wconf 84' lang='grc'><strong>1496.</strong></span> 
     </span>
     <span class='ocr_line' id='line_1_35' title="bbox 1301 4226 1336 4268; baseline 0 -6"><span class='ocrx_word' id='word_1_288' title='bbox 1301 4226 1336 4268; x_wconf 65' lang='grc' dir='ltr'><strong>ιιι</strong></span> 
     </span>
    </p>
   </div>
   <div class='ocr_carea' id='block_1_8' title="bbox 188 4325 2489 4564">
    <p class='ocr_par' dir='ltr' id='par_1_8' title="bbox 188 4325 2489 4564">
     <span class='ocr_line' id='line_1_36' title="bbox 313 4325 2489 4402; baseline -0.002 -17"><span class='ocrx_word' id='word_1_289' title='bbox 313 4332 336 4384; x_wconf 79' lang='lat' dir='ltr'><strong>l</strong></span> <span class='ocrx_word' id='word_1_290' title='bbox 373 4345 600 4402; x_wconf 74' lang='lat' dir='ltr'><strong>unquam</strong></span> <span class='ocrx_word' id='word_1_291' title='bbox 629 4336 678 4386; x_wconf 80' lang='lat'><strong>2.</strong></span> <span class='ocrx_word' id='word_1_292' title='bbox 789 4339 819 4386; x_wconf 84' lang='lat'>2</span> <span class='ocrx_word' id='word_1_293' title='bbox 860 4333 1007 4387; x_wconf 74' lang='lat' dir='ltr'><strong>caelo</strong></span> <span class='ocrx_word' id='word_1_294' title='bbox 1046 4339 1093 4386; x_wconf 80' lang='lat'><strong>2.</strong></span> <span class='ocrx_word' id='word_1_295' title='bbox 1206 4337 1236 4387; x_wconf 85' lang='lat'>3</span> <span class='ocrx_word' id='word_1_296' title='bbox 1276 4334 1547 4402; x_wconf 76' lang='lat' dir='ltr'><strong>principis]</strong></span> <span class='ocrx_word' id='word_1_297' title='bbox 1579 4325 1847 4387; x_wconf 83' lang='lat' dir='ltr'><strong>Eberhard</strong></span> <span class='ocrx_word' id='word_1_298' title='bbox 1885 4334 2028 4388; x_wconf 71' lang='lat' dir='ltr'><strong>stat-b</strong></span> <span class='ocrx_word' id='word_1_299' title='bbox 2060 4339 2127 4387; x_wconf 77' lang='lat'><strong>24</strong></span> <span class='ocrx_word' id='word_1_300' title='bbox 2152 4331 2305 4384; x_wconf 83' lang='lat' dir='ltr'><strong>Febr.</strong></span> <span class='ocrx_word' id='word_1_301' title='bbox 2340 4332 2489 4382; x_wconf 83' lang='lat'><strong>1496.</strong></span> 
     </span>
     <span class='ocr_line' id='line_1_37' title="bbox 188 4414 2485 4490; baseline -0.001 -23"><span class='ocrx_word' id='word_1_302' title='bbox 188 4414 292 4483; x_wconf 78' lang='lat' dir='ltr'><strong>Vgl.</strong></span> <span class='ocrx_word' id='word_1_303' title='bbox 317 4423 496 4489; x_wconf 69' lang='lat' dir='ltr'><strong>Smin,</strong></span> <span class='ocrx_word' id='word_1_304' title='bbox 527 4423 1030 4490; x_wconf 79' lang='lat' dir='ltr'><strong>wirtembergisohe</strong></span> <span class='ocrx_word' id='word_1_305' title='bbox 1055 4423 1364 4489; x_wconf 83' lang='lat' dir='ltr'><strong>geschichte</strong></span> <span class='ocrx_word' id='word_1_306' title='bbox 1390 4426 1482 4490; x_wconf 81' lang='grc' dir='ltr'>ΙΙΙ,</span> <span class='ocrx_word' id='word_1_307' title='bbox 1508 4440 1549 4476; x_wconf 76' lang='lat' dir='ltr'><strong>s,</strong></span> <span class='ocrx_word' id='word_1_308' title='bbox 1580 4425 1698 4475; x_wconf 81' lang='lat'><strong>645.</strong></span> <span class='ocrx_word' id='word_1_309' title='bbox 1802 4431 1834 4474; x_wconf 81' lang='lat'>4</span> <span class='ocrx_word' id='word_1_310' title='bbox 1862 4423 2094 4476; x_wconf 84' lang='lat' dir='ltr'><strong>excoluit</strong></span> <span class='ocrx_word' id='word_1_311' title='bbox 2121 4427 2167 4473; x_wconf 82' lang='lat'><strong>2.</strong></span> <span class='ocrx_word' id='word_1_312' title='bbox 2277 4422 2309 4470; x_wconf 87' lang='grc'>5</span> <span class='ocrx_word' id='word_1_313' title='bbox 2336 4419 2485 4469; x_wconf 74' lang='lat' dir='ltr'><strong>amit-</strong></span> 
     </span>
     <span class='ocr_line' id='line_1_38' title="bbox 188 4506 1122 4564; baseline 0.012 -11"><span class='ocrx_word' id='word_1_314' title='bbox 188 4506 373 4562; x_wconf 68' lang='lat' dir='ltr'><strong>tendam</strong></span> <span class='ocrx_word' id='word_1_315' title='bbox 409 4517 456 4564; x_wconf 86' lang='grc'><strong>2.</strong></span> <span class='ocrx_word' id='word_1_316' title='bbox 597 4515 628 4562; x_wconf 84' lang='grc'><strong>6</strong></span> <span class='ocrx_word' id='word_1_317' title='bbox 669 4509 941 4563; x_wconf 80' lang='lat' dir='ltr'><strong>admiseris</strong></span> <span class='ocrx_word' id='word_1_318' title='bbox 984 4517 1031 4564; x_wconf 87' lang='lat'><strong>1.</strong></span> <span class='ocrx_word' id='word_1_319' title='bbox 1073 4517 1122 4564; x_wconf 85' lang='grc'><strong>2.</strong></span> 
     </span>
    </p>
   </div>
   <div class='ocr_carea' id='block_1_9' title="bbox 1998 4598 2093 4658">
    <p class='ocr_par' dir='ltr' id='par_1_9' title="bbox 1998 4598 2093 4658">
     <span class='ocr_line' id='line_1_39' title="bbox 1998 4598 2093 4658; baseline 0 -28"><span class='ocrx_word' id='word_1_320' title='bbox 1998 4598 2093 4658; x_wconf 57' lang='grc'><strong>4*</strong></span> 
     </span>
    </p>
   </div>
  </div>
 </body>
</html>
