2950 5042
1554 418 1689 487 224

439 607 621 690 habt,
665 606 896 695 gehort
913 658 929 691 ,
998 609 1198 677 welch
1268 608 1747 678 voi-trefflicher
1792 634 1984 678 mann
2034 614 2107 679 R.
2154 613 2277 693 sei,
2338 612 2502 679 habe
2544 618 2737 698 spater
2798 618 2803 621 ’

443 714 676 781 dessen
743 715 1058 783 schriften·
1120 715 1560 783 aufmerksam
1610 716 1885 801 verfolgt
1936 718 2071 785 und
2116 718 2329 786 kenne
2374 718 2531 786 noch
2570 718 2737 786 heute

443 820 657 887 dieses
724 821 967 887 urtheil
989 870 1007 879 -
1031 821 1247 889 fallen.
1358 823 1536 888 Tunc
1606 823 2017 889 adversarius
2086 824 2281 890 dixite
2364 846 2464 891 me
2526 826 2741 909 pariter

434 926 789 1012 judaizare.
883 928 984 993 Ex
1026 927 1288 994 Lutetia
1333 928 1480 993 Par.
1532 934 1571 993 8
1620 928 1759 995 Cal.
1808 929 1985 1013 Sept.
2039 936 2228 996 1514.

621 1036 945 1099 Gedruckt:
985 1042 1016 1097 1
1054 1056 1138 1095 ε
1167 1039 1226 1099 J.
1259 1056 1314 1099 v.
1345 1055 1395 1099 e.
1429 1054 1470 1099 x
1505 1033 1607 1113 1¹²3
1645 1042 1681 1099 2
1706 1058 1800 1097 ⁴·-..-.:
1830 1038 2084 1116 BulaeuS,
2116 1039 2252 1101 hist.
2284 1041 2437 1103 univ.
2455 1040 2629 1101 Paris.
2656 1038 2739 1099 VI.

445 1160 503 1218 p.
543 1143 647 1203 65.
2538 1170 2543 1175 ·

1531 1330 1716 1399 CXC.

589 1417 802 1471 Lowen.
2264 1422 2497 1489 (August
2536 1420 2691 1483 1514).

864 1504 1213 1581 Erasmus
1251 1505 1304 1583 J
1306 1509 1537 1583 oanni
1574 1507 1945 1609 Capnioni
1980 1535 2111 1585 suo
2152 1508 2227 1586 S.
2268 1510 2358 1585 D.

633 1654 794 1725 Cum
859 1674 1119 1739 agerem
1182 1654 1357 1738 apud
1414 1654 1765 1721 Britannos
1828 1655 2101 1723 redditae
2186 1664 2339 1723 sunt
2422 1656 2574 1723 mihi
2644 1662 2744 1721 tuae

445 1760 680 1827 literae
745 1782 876 1827 una
943 1782 1089 1826 cum
1157 1759 1567 1827 absolutione
1606 1762 1628 1799 ²
1692 1761 1994 1847 Episcopi
2041 1762 2384 1847 Spirensis,
2434 1760 2746 1831 communi-

441 1868 582 1934 cavi
627 1888 774 1933 cum
819 1867 1026 1933 doctis
1071 1866 1327 1951 aliquot
1360 1868 1384 1907 ²
1430 1867 1689 1947 amiciS,
1738 1881 2011 1951 quorum
2057 1869 2273 1935 nullus
2320 1876 2452 1950 est,
2516 1868 2659 1954 quin
2696 1870 2743 1930 et

441 1974 756 2058 suspiciat
798 1973 1123 2057 ingenium
1168 1978 1356 2040 tuum
1400 1979 1538 2037 tam
1584 1972 1765 2037 foelix
1807 1979 2119 2059 tanquam
2150 1974 2543 2041 foecundum.
2602 1972 2737 2039 Rise-

448 2086 604 2145 runt
650 2085 716 2144 et
761 2100 803 2144 a
846 2099 950 2143 me
997 2078 1375 2143 damnatum
1437 2076 1619 2143 illum
1666 2078 1957 2145 libellum
2004 2081 2419 2147 vehementer
2478 2078 2736 2163 effiagita-

442 2190 614 2264 runt,
661 2184 762 2249 vel
807 2182 954 2249 hinc
1000 2184 1440 2269 conjectantes
1497 2205 1635 2249 rem
1683 2206 1823 2251 esse
1870 2186 2275 2271 praeclaram,
2324 2185 2500 2271 quod
2546 2182 2745 2251 talibus

445 2288 900 2373 displicuisset.
990 2289 1064 2354 In
1111 2290 1336 2374 primis
1383 2295 1605 2355 autem
1650 2290 2007 2376 Episcopus
2054 2283 2372 2357 Roffensis
2410 2291 2435 2330 ³
2456 2342 2473 2373 ,
2518 2291 2612 2356 vir
2650 2288 2747 2353 sin-

442 2395 653 2479 gulari
695 2415 949 2460 morum
1007 2394 1384 2479 integritate
1449 2416 1528 2461 ac
1575 2395 1911 2479 theologus
1957 2397 2501 2479 absolutissimus,
2547 2391 2745 2461 deinde

441 2500 726 2567 Joannes
772 2500 1035 2567 Coletus
1066 2501 1114 2581 ⁴,
1177 2501 1460 2567 decanus
1508 2502 1717 2567 sancti
1763 2502 1947 2568 Pauli
1992 2503 2169 2587 apud
2212 2502 2596 2569 Londinum.
2664 2500 2748 2564 Me

437 2612 658 2673 tamen
703 2605 1046 2673 nonnullus
1093 2607 1304 2672 adhuc
1351 2607 1641 2673 habebat
1687 2608 2051 2692 scrupulus,
2098 2630 2177 2673 ne
2211 2608 2370 2693 quid
2404 2608 2746 2693 scripsisses

437 2712 776 2794 incautius,
824 2712 999 2799 quod
1043 2712 1328 2779 viderem
1360 2714 1663 2799 Episcopi
1710 2714 2035 2779 sententia
2085 2714 2436 2780 subtimide
2472 2714 2752 2797 scriptam

443 2840 604 2899 esse,
651 2840 729 2885 ac
776 2840 942 2904 pene
988 2818 1470 2899 meticulosam,
1537 2820 1711 2905 quod
1758 2819 2037 2885 adderet
2078 2819 2381 2886 haeresim
2426 2811 2753 2907 apertam⁵

441 2930 510 2989 et
553 2923 905 2990 accedente
951 2930 1259 3005 tractatu,
1307 2923 1512 2991 donec
1546 2925 1893 3010 Moguntiae
1940 2932 2179 2991 nactus
2228 2925 2442 3011 ipsum
2476 2924 2753 2998 libellum,

441 3030 754 3097 articulos
821 3029 968 3096 illos
1030 3030 1392 3112 haereticos,
1454 3031 1979 3097 irreverentiales
2039 3037 2106 3097 et
2172 3031 2407 3115 impios
2467 3030 2755 3115 legissem,

433 3134 572 3219 jam
618 3136 820 3201 risum
867 3142 1091 3203 tenere
1137 3159 1265 3203 non
1313 3138 1513 3221 potui.
1575 3138 2011 3222 Posteaquam
2044 3142 2268 3202 autem
2300 3136 2755 3203 damnationem

441 3239 623 3305 illam
655 3240 700 3321 ⁶,
745 3240 912 3307 bone
943 3244 1137 3324 Deus,
1184 3264 1382 3329 quam
1413 3243 1583 3309 belle
1618 3244 2041 3327 compositam
2072 3243 2371 3327 legissem
2416 3241 2659 3309 absolvi
2686 3246 2757 3317 te,

443 3367 649 3431 eaque
714 3344 874 3412 mihi
934 3348 1246 3433 apologiae
1304 3350 1440 3415 vice
1487 3349 1637 3429 fuit,
1684 3351 2123 3435 maj0remque
2171 3350 2236 3413 in
2282 3348 2553 3417 modum
2596 3350 2753 3431 opta-

422 3450 612 3535 ·bam,
659 3458 733 3520 ut
779 3474 859 3521 ea
901 3455 968 3521 in
1015 3454 1418 3523 eruditorum
1484 3455 1769 3523 omnium
1830 3454 2129 3523 manibus
2176 3460 2367 3522 esset.
2464 3456 2551 3519 At
2592 3448 2755 3519 simul

1588 3587 1631 3627 ι*

589 3678 614 3725 1
653 3673 1020 3743 Absolutioue]
1069 3690 1118 3726 v.
1159 3676 1224 3731 29
1263 3674 1409 3727 Mars
1451 3676 1605 3727 1514.
1752 3679 1782 3726 2
1820 3672 2051 3740 Aliquod
2092 3678 2135 3725 1.
2283 3676 2314 3724 3
2352 3668 2637 3739 Roffensis]
2671 3669 2751 3719 Jo-

438 3760 642 3815 hannes
679 3763 908 3815 Fischer.
1053 3766 1088 3813 4
1124 3763 1250 3813 Joh.
1289 3763 1450 3827 Celet,
1488 3764 1604 3831 geb.
1661 3767 1794 3815 1466
1832 3763 1890 3813 in
1926 3760 2175 3825 London‚
2215 3761 2306 3812 der
2340 3762 2529 3811 alteste
2564 3772 2664 3809 von
2700 3757 2751 3803 2⁶2

438 3850 834 3916 geschwistern,
869 3850 1123 3903 studierte
1164 3855 1298 3902 1483
1337 3853 1392 3902 in
1421 3852 1641 3915 Oxford,
1680 3853 1809 3904 reist
1844 3852 1901 3901 in
1938 3850 2263 3901 Frankreich
2286 3849 2397 3899 und
2421 3849 2609 3899 Italion
2638 3844 2753 3894 1493

441 3938 526 3990 bis
566 3941 632 3990 97
683 3938 794 3989 und
840 3940 954 3992 halt
988 3941 1130 3993 daun
1176 3943 1254 3992 als
1292 3942 1428 4007 prof.
1468 3940 1559 3992 der
1594 3940 1859 4006 theologie
1902 3940 1958 3989 iu
1996 3937 2217 3988 London
2263 3937 2629 4002 vorlesungen.
2694 3929 2757 3979 Er

439 4025 512 4078 ist
557 4026 644 4077 ein
691 4027 836 4078 feind
879 4029 970 4079 der
1013 4028 1432 4081 scholastischen
1476 4028 1777 4095 theologie,
1820 4043 2016 4095 geg-ner
2059 4025 2149 4076 der
2196 4022 2559 4076 missbrituche
2592 4023 2647 4072 in
2679 4018 2757 4067 der

440 4114 738 4167 romischen
773 4115 980 4181 kirche3
1017 4132 1072 4169 er
1106 4118 1201 4169 hat
1235 4118 1470 4169 einzelne
1507 4115 1867 4183 theologische
1904 4114 2177 4176 schriften,
2216 4112 2611 4178 anmerkungen
2642 4108 2753 4158 iiber

377 4247 382 4250 .
437 4201 697 4255 biblische
739 4203 935 4256 bucher
981 4203 1092 4255 und
1139 4206 1311 4271 einige
1354 4205 1760 4271 grammatische
1810 4204 1983 4254 werke
2016 4200 2383 4269 geschrieben,
2422 4205 2487 4251 s't.
2533 4202 2595 4250 16
2631 4199 2753 4275 ξομ.

447 4293 602 4342 1519.
744 4294 778 4343 ὃ
814 4292 1090 4361 Haeresim]
1138 4294 1390 4344 Erasmus
1437 4292 1595 4359 spielt
1642 4289 1782 4343 wohl
1830 4292 1929 4343 auf
1971 4291 2056 4341 die
2092 4289 2242 4340 stelle
2293 4288 2383 4339 des
2419 4286 2637 4337 urtheils
2671 4296 2749 4331 an:

439 4376 722 4449 (libellum)
771 4380 974 4433 nullam
1021 4380 1258 4431 haeresim
1304 4386 1397 4432 aut
1445 4398 1671 4432 errorem
1726 4380 1793 4429 ab
1852 4378 2071 4431 ecclesia
2128 4377 2431 4427 damnatum
2500 4374 2754 4425 manifeste

438 4480 636 4530 sapere.
781 4471 812 4523 6
852 4468 1274 4537 Damnationem]
1303 4467 1702 4535 vei-urtheilung
1726 4468 1815 4519 des
1839 4466 2233 4535 augenspiegcls
2272 4480 2337 4515 zu
2360 4464 2502 4514 Koln
2533 4465 2593 4513 10
2616 4456 2749 4510 Febr.

449 4557 606 4606 1514.
