2950 5042
1278 387 1404 454 331

196 571 277 640 ris
320 578 385 638 et
426 571 749 656 impensae,
796 565 1077 654 mihique
1125 587 1165 633 a
1196 566 1458 635 Summo
1505 563 1814 636 Pontifice
1845 563 2325 650 demandatum,
2371 567 2506 638 tuis

196 677 491 744 vetuisset
534 675 873 744 desideriis
920 674 1299 741 satisfacere
1318 725 1333 754 ,
1381 676 1684 760 quoniam
1729 695 1858 740 non
1904 674 2040 740 sine
2087 697 2232 742 meo
2275 697 2506 760 magno

193 781 577 848 incommodo
624 781 807 868 (dum
842 780 1115 846 Talmud
1149 787 1249 846 est
1294 781 1359 846 in
1392 780 1716 862 manibus)
1763 779 1937 864 quod
1993 781 2234 864 rogasti
2283 788 2508 866 posset

194 886 486 973 expediri.
580 889 717 954 Hoc
757 889 775 926 ¹
842 894 1059 952 tamen
1124 907 1289 952 nunc
1346 887 1554 952 solum
1619 885 1704 952 ad
1759 884 1838 950 de
1909 886 2208 968 mittitur,
2253 886 2506 972 reliqua

192 990 328 1060 vero
378 994 561 1070 alias,
612 993 745 1058 Deo
812 992 1027 1068 dante,
1098 993 1496 1058 commodius
1544 991 1961 1058 excudentur.
2055 991 2243 1058 Nunc
2285 1000 2506 1060 autem

193 1099 471 1182 ingratus
518 1106 584 1164 et
628 1093 1015 1163 inhumanus
1062 1097 1218 1162 mihi
1253 1098 1494 1177 videar,
1527 1099 1650 1164 nisi
1697 1104 1878 1164 tuum
1909 1117 2160 1175 nomen,
2189 1104 2504 1182 quantum

188 1205 244 1268 iu
286 1225 385 1269 me
432 1211 563 1283 est,
610 1204 960 1269 aeternitati
1005 1202 1441 1270 mandandum
1491 1224 1730 1282 curem,
1777 1212 1868 1284 ut,
1915 1201 2090 1288 quod
2135 1203 2264 1268 tuis
2304 1203 2506 1287 jussis

188 1318 453 1394 coeptum
502 1316 621 1388 est,
667 1309 797 1376 tuis
828 1308 1045 1387 etiam,
1094 1310 1384 1394 quamvis
1416 1309 1619 1376 multo
1666 1308 1884 1392 plures
1930 1329 2008 1374 ac
2054 1307 2332 1392 majores
2377 1329 2507 1374 me-

188 1418 395 1497 rearis,
443 1415 747 1481 laudibus
794 1412 1188 1480 absolvatur.
1236 1415 1437 1493 Quem
1472 1415 1641 1480 enim
1675 1413 2012 1498 patiuntur
2059 1420 2186 1478 tuse
2231 1413 2505 1478 virtutes

186 1520 685 1604 praeclarissimae
733 1527 915 1586 tuum
981 1519 1237 1585 silentio
1300 1541 1529 1586 nomen
1590 1519 2118 1604 praetermittere,
2179 1539 2375 1603 quum
2421 1517 2502 1584 de

189 1626 447 1693 hebraeis
498 1627 853 1711 graecisque
900 1625 1126 1704 literis,
1174 1633 1247 1692 ut
1292 1626 1423 1692 late
1479 1631 1689 1710 patet,
1737 1625 1828 1690 sis
1873 1623 2036 1690 adeo
2071 1623 2097 1662 2
2161 1622 2324 1688 bene
2373 1641 2504 1688 me-

186 1733 369 1813 ritus,
432 1731 609 1817 quod
672 1732 915 1815 justius
974 1731 1101 1796 dici
1158 1737 1345 1816 potes
1414 1731 1560 1798 aliis
1623 1737 1816 1796 natus
1837 1779 1852 1810 ,
1913 1749 2110 1814 quam
2173 1728 2293 1794 tibi
2360 1727 2503 1813 ipsi.

184 1837 334 1904 Nam
378 1839 659 1904 alienam
705 1844 833 1903 tuse
892 1858 1152 1922 semper
1205 1837 1556 1903 utilitatem
1627 1833 1989 1920 praetulisti,
2036 1841 2150 1900 tua
2197 1832 2366 1898 euim
2413 1834 2507 1899 in-

184 1943 419 2010 dustria
467 1944 725 2027 tuisque
772 1941 1001 2025 vigiliis
1048 1942 1254 2008 multa
1314 1942 1640 2026 perutilia,
1707 1961 1848 2025 quae
1897 1960 1938 2005 a
1985 1945 2156 2005 tetro
2203 1937 2504 2004 tenebra.-

183 2071 309 2114 rum
354 2069 621 2114 carcere
670 2047 1159 2128 claudebantur,
1220 2049 1287 2114 in
1350 2048 1559 2114 lucem
1623 2047 2020 2131 prodierunt,
2083 2065 2289 2131 eaque
2335 2066 2505 2112 nunc

187 2154 415 2240 ubique
480 2154 785 2220 videntur
844 2162 914 2220 et
977 2154 1375 2220 lectitantur.
1476 2153 1635 2234 Sed,
1692 2173 1821 2238 quo
1881 2150 2264 2236 progredior
2315 2152 2504 2216 nimis

188 2260 405 2341 audax,
455 2267 611 2326 tuas
656 2259 806 2324 dum
870 2279 1067 2324 conar
1130 2257 1357 2324 laudes
1414 2279 1744 2336 enarrare,
1809 2257 2130 2336 deterens,
2189 2277 2351 2342 quas
2395 2278 2506 2323 ne-

186 2365 322 2430 dum
356 2365 599 2430 Fabius
644 2363 765 2430 ille
800 2363 1297 2431 facundissimus
1343 2388 1411 2432 se
1446 2373 1744 2450 speraret
1775 2364 2270 2448 explicaturum.
2321 2363 2502 2430 Vale.

188 2471 461 2536 venetiis
510 2491 679 2536 neno
728 2469 871 2536 Kal.
922 2471 1185 2536 Octobr.
1238 2477 1427 2537 1521.

344 2583 501 2640 Aust
552 2599 633 2636 =
680 2581 895 2638 Psalmi
942 2580 1030 2638 ed.
1082 2581 1370 2654 Bomberg
1419 2582 1624 2640 Venet.
1682 2581 1841 2640 1521
1897 2579 2020 2642 bei:
2057 2598 2139 2636 =
2173 2577 2502 2650 christoph,

182 2685 361 2745 Wolfii
410 2684 760 2745 bibliotheca
804 2685 1053 2745 hebraea.
1149 2685 1450 2761 Hamburg
1486 2689 1674 2759 1733,
1710 2686 1819 2745 vol.
1856 2685 1952 2755 lv,
1986 2701 2034 2744 s,
2074 2686 2196 2746 142
2231 2700 2320 2760 sq.

1200 2887 1439 2954 CCCII.

308 2977 592 3044 stuttgart.
1999 2976 2064 3026 25
2106 2977 2232 3026 nee.
2279 2975 2429 3024 1521.

179 3063 594 3142 Clarissimo
628 3065 1154 3165 jurisconsulto
1211 3079 1283 3141 et
1330 3066 1558 3166 equiti
1606 3077 1898 3166 strenuo
1938 3063 2026 3141 D.
2079 3062 2441 3164 Gregorio
2476 3067 2506 3118 ³

178 3186 633 3292 Lamparter,
688 3216 733 3262 a
784 3188 1397 3290 Greyphenstein,
1439 3187 1692 3264 Caroli
1729 3187 2038 3264 Caesaris
2075 3188 2226 3288 ejus
2264 3185 2500 3260 nomi-

176 3312 279 3384 nis
322 3313 395 3388 V
416 3372 434 3409 ,
492 3312 916 3386 consiliario
971 3312 1160 3387 inter
1214 3314 1494 3413 primos
1547 3313 1976 3412 dignissimo
1997 3370 2015 3407 ,
2078 3311 2381 3386 domino
2431 3321 2504 3384 et

178 3433 562 3512 Mecoenati
572 3436 959 3534 insigniter
972 3435 1459 3532 observande,
1481 3436 1532 3510 J
1535 3462 1578 3508 o
1585 3437 1867 3511 hannes
1881 3433 2246 3508 Reuchlin
2261 3432 2501 3507 Phor·-

507 3571 513 3578 '
840 3559 1070 3632 oensis
1111 3559 1261 3632 LL.
1306 3559 1515 3632 Doct.
1557 3585 1612 3632 s,
1657 3558 1727 3631 d.
1769 3587 1841 3658 p.

342 3706 487 3770 Etsi
534 3727 699 3771 unus
747 3727 827 3772 ex
874 3705 1169 3772 omnibus
1231 3707 1359 3771 tuis
1419 3705 1473 3770 is
1521 3726 1658 3770 sum
1709 3706 1818 3790 qui
1877 3704 2022 3790 plus
2069 3703 2321 3769 caeteris
2367 3699 2505 3767 offi-

178 3808 535 3876 ciossimam
600 3812 664 3875 in
737 3811 1071 3895 republica
1134 3811 1415 3894 gerenda
1499 3812 2090 3896 magnanimitatem
2160 3815 2338 3874 tuam
2399 3808 2505 3874 cui

177 3934 415 3980 summa
462 3916 901 4000 Imperialium
949 3937 1166 3981 rerum
1214 3916 1504 3982 creditur
1537 3915 1820 3982 admirer
1867 3921 1934 3980 et
1979 3913 2358 3994 collaudem,
2406 3919 2504 3978 ta-

1327 4063 1359 4100 ,Β

316 4157 333 4200 1
384 4151 523 4219 Hoc]
562 4151 793 4202 nitmlich
833 4151 917 4202 die
944 4151 1195 4220 psalmen.
1309 4158 1337 4202 2
1378 4150 1458 4203 Ad
1498 4167 1559 4201 eo
1601 4152 1759 4204 Wolf.
1882 4154 1910 4201 3
1953 4151 2158 4216 Gregor
2185 4149 2498 4217 Lamparter,

176 4238 286 4298 geb.
316 4241 366 4288 in
385 4240 641 4291 Biberach
679 4243 829 4300 1463,
854 4242 906 4288 in
928 4241 1210 4306 'Piibingen
1234 4239 1484 4306 gebildet,
1511 4239 1624 4289 rath
1651 4240 1742 4290 der
1767 4237 2302 4305 wiirtembergischen
2319 4237 2502 4303 grafan

175 4324 272 4374 und
300 4326 540 4392 lterzoge,
580 4333 754 4395 spinet·
779 4329 893 4378 rath
926 4330 1301 4391 Maximilians,
1340 4329 1484 4378 stat-b
1523 4329 1576 4378 in
1609 4325 1884 4394 Niirnberg
1917 4328 2066 4377 1523.
2118 4327 2274 4376 Scine
2301 4325 2497 4391 thatig-

175 4409 277 4461 keit
312 4413 398 4464 bei
436 4415 529 4466 der
567 4417 973 4483 niedcrbaltung
1012 4417 1103 4468 des
1142 4415 1640 4468 bauemaufstands:
1696 4415 1788 4465 der
1839 4431 1980 4465 arms
2017 4415 2192 4464 Kuntz
2238 4417 2373 4465 1514
2424 4415 2492 4465 ist

174 4499 565 4571 ltsuptsachlicb
604 4504 849 4561 bekannt.
925 4505 1093 4558 Adam
1131 4507 1255 4556 vitas
1290 4503 1796 4559 Jureeonsultorum
1833 4503 1990 4563 aeid.
2036 4505 2194 4572 1620,
2232 4519 2277 4554 s.
2321 4505 2386 4556 26
2423 4519 2502 4579 sq.
