<?xml version="1.0" encoding="UTF-8"?>
<!DOCTYPE html PUBLIC "-//W3C//DTD XHTML 1.0 Transitional//EN"
    "http://www.w3.org/TR/xhtml1/DTD/xhtml1-transitional.dtd">
<html xmlns="http://www.w3.org/1999/xhtml" xml:lang="en" lang="en">
 <head>
  <title>
</title>
<meta http-equiv="Content-Type" content="text/html;charset=utf-8" />
  <meta name='ocr-system' content='tesseract 3.04.00' />
  <meta name='ocr-capabilities' content='ocr_page ocr_carea ocr_par ocr_line ocrx_word'/>
</head>
<body>
  <div class='ocr_page' id='page_1' title='image "./johannreuchlins00geiggoog/johannreuchlins00geiggoog_0158.png"; bbox 0 0 2950 5042; ppageno 0'>
   <div class='ocr_carea' id='block_1_1' title="bbox 13 376 21 991">
    <p class='ocr_par' dir='ltr' id='par_1_1' title="bbox 13 376 21 991">
     <span class='ocr_line' id='line_1_1' title="bbox 13 376 21 991; baseline 0 0"><span class='ocrx_word' id='word_1_1' title='bbox 13 376 21 991; x_wconf 95' lang='lat' dir='ltr'> </span> 
     </span>
    </p>
   </div>
   <div class='ocr_carea' id='block_1_2' title="bbox 8 1162 26 2760">
    <p class='ocr_par' dir='ltr' id='par_1_2' title="bbox 8 1162 26 2760">
     <span class='ocr_line' id='line_1_2' title="bbox 8 1162 26 2760; baseline 0 0"><span class='ocrx_word' id='word_1_2' title='bbox 8 1162 26 2760; x_wconf 95' lang='lat' dir='ltr'> </span> 
     </span>
    </p>
   </div>
   <div class='ocr_carea' id='block_1_3' title="bbox 1508 398 1634 466">
    <p class='ocr_par' dir='ltr' id='par_1_3' title="bbox 1508 398 1634 466">
     <span class='ocr_line' id='line_1_3' title="bbox 1508 398 1634 466; baseline 0.016 -3"><span class='ocrx_word' id='word_1_3' title='bbox 1508 398 1634 466; x_wconf 88' lang='lat'>148</span> 
     </span>
    </p>
   </div>
   <div class='ocr_carea' id='block_1_4' title="bbox 382 585 2749 3623">
    <p class='ocr_par' dir='ltr' id='par_1_4' title="bbox 398 585 2748 989">
     <span class='ocr_line' id='line_1_4' title="bbox 402 585 2744 672; baseline 0.001 -18"><span class='ocrx_word' id='word_1_4' title='bbox 402 609 627 656; x_wconf 81' lang='lat' dir='ltr'>verum</span> <span class='ocrx_word' id='word_1_5' title='bbox 686 594 755 656; x_wconf 89' lang='lat' dir='ltr'>et</span> <span class='ocrx_word' id='word_1_6' title='bbox 827 585 1237 655; x_wconf 78' lang='lat' dir='ltr'>obedientem</span> <span class='ocrx_word' id='word_1_7' title='bbox 1302 587 1506 655; x_wconf 90' lang='lat' dir='ltr'>filium</span> <span class='ocrx_word' id='word_1_8' title='bbox 1578 592 1956 672; x_wconf 88' lang='lat' dir='ltr'>reputamus</span> <span class='ocrx_word' id='word_1_9' title='bbox 2018 593 2088 655; x_wconf 93' lang='lat' dir='ltr'>et</span> <span class='ocrx_word' id='word_1_10' title='bbox 2145 587 2624 672; x_wconf 76' lang='lat' dir='ltr'>reputabimus,</span> <span class='ocrx_word' id='word_1_11' title='bbox 2687 592 2744 657; x_wconf 89' lang='lat' dir='ltr'>si</span> 
     </span>
     <span class='ocr_line' id='line_1_5' title="bbox 398 692 2742 780; baseline 0.001 -20"><span class='ocrx_word' id='word_1_12' title='bbox 398 694 575 779; x_wconf 88' lang='lat' dir='ltr'>quod</span> <span class='ocrx_word' id='word_1_13' title='bbox 620 693 809 776; x_wconf 83' lang='lat' dir='ltr'>vulgo</span> <span class='ocrx_word' id='word_1_14' title='bbox 854 692 1115 759; x_wconf 86' lang='lat' dir='ltr'>incaute</span> <span class='ocrx_word' id='word_1_15' title='bbox 1152 694 1174 732; x_wconf 89' lang='lat'><strong>¹</strong></span> <span class='ocrx_word' id='word_1_16' title='bbox 1222 693 1534 779; x_wconf 82' lang='lat' dir='ltr'><strong>sparsisti</strong></span> <span class='ocrx_word' id='word_1_17' title='bbox 1579 692 1956 777; x_wconf 83' lang='lat' dir='ltr'>recolligere</span> <span class='ocrx_word' id='word_1_18' title='bbox 2001 694 2302 776; x_wconf 84' lang='lat' dir='ltr'>studeas,</span> <span class='ocrx_word' id='word_1_19' title='bbox 2363 703 2434 761; x_wconf 90' lang='lat' dir='ltr'>et</span> <span class='ocrx_word' id='word_1_20' title='bbox 2487 694 2742 780; x_wconf 85' lang='lat' dir='ltr'>lapides</span> 
     </span>
     <span class='ocr_line' id='line_1_6' title="bbox 400 796 2748 883; baseline 0.001 -18"><span class='ocrx_word' id='word_1_21' title='bbox 400 798 594 866; x_wconf 89' lang='lat' dir='ltr'>tollas</span> <span class='ocrx_word' id='word_1_22' title='bbox 622 799 666 881; x_wconf 78' lang='lat'>²,</span> <span class='ocrx_word' id='word_1_23' title='bbox 714 796 953 883; x_wconf 88' lang='lat' dir='ltr'>quibus</span> <span class='ocrx_word' id='word_1_24' title='bbox 986 798 1013 837; x_wconf 84' lang='lat'><strong>⁸</strong></span> <span class='ocrx_word' id='word_1_25' title='bbox 1074 798 1184 865; x_wconf 87' lang='lat' dir='ltr'>alii</span> <span class='ocrx_word' id='word_1_26' title='bbox 1228 800 1294 864; x_wconf 90' lang='lat' dir='ltr'>in</span> <span class='ocrx_word' id='word_1_27' title='bbox 1327 799 1433 865; x_wconf 81' lang='lat' dir='ltr'>via</span> <span class='ocrx_word' id='word_1_28' title='bbox 1479 797 1585 865; x_wconf 91' lang='lat' dir='ltr'>dei</span> <span class='ocrx_word' id='word_1_29' title='bbox 1630 803 1784 864; x_wconf 87' lang='lat' dir='ltr'>sunt</span> <span class='ocrx_word' id='word_1_30' title='bbox 1819 796 2064 880; x_wconf 89' lang='lat' dir='ltr'>offensi,</span> <span class='ocrx_word' id='word_1_31' title='bbox 2109 800 2281 865; x_wconf 89' lang='lat' dir='ltr'>sicut</span> <span class='ocrx_word' id='word_1_32' title='bbox 2315 801 2382 866; x_wconf 90' lang='lat' dir='ltr'>in</span> <span class='ocrx_word' id='word_1_33' title='bbox 2411 802 2748 868; x_wconf 83' lang='lat' dir='ltr'>Hieremia</span> 
     </span>
     <span class='ocr_line' id='line_1_7' title="bbox 398 902 1822 989; baseline 0 -20"><span class='ocrx_word' id='word_1_34' title='bbox 398 904 712 987; x_wconf 84' lang='lat' dir='ltr'>scriptum</span> <span class='ocrx_word' id='word_1_35' title='bbox 760 910 891 971; x_wconf 88' lang='lat' dir='ltr'>est:</span> <span class='ocrx_word' id='word_1_36' title='bbox 939 902 1174 970; x_wconf 75' lang='lat' dir='ltr'>Tollite</span> <span class='ocrx_word' id='word_1_37' title='bbox 1222 903 1301 970; x_wconf 90' lang='lat' dir='ltr'>de</span> <span class='ocrx_word' id='word_1_38' title='bbox 1348 903 1452 969; x_wconf 85' lang='lat' dir='ltr'>via</span> <span class='ocrx_word' id='word_1_39' title='bbox 1497 903 1746 989; x_wconf 88' lang='lat' dir='ltr'>lapides</span> <span class='ocrx_word' id='word_1_40' title='bbox 1776 904 1822 969; x_wconf 75' lang='lat'>⁴.</span> 
     </span>
    </p>

    <p class='ocr_par' dir='ltr' id='par_1_5' title="bbox 386 1008 2749 2985">
     <span class='ocr_line' id='line_1_8' title="bbox 576 1008 2749 1095; baseline 0 -19"><span class='ocrx_word' id='word_1_41' title='bbox 576 1010 819 1076; x_wconf 89' lang='lat' dir='ltr'>Verum</span> <span class='ocrx_word' id='word_1_42' title='bbox 880 1009 1035 1093; x_wconf 81' lang='lat' dir='ltr'>quia</span> <span class='ocrx_word' id='word_1_43' title='bbox 1080 1014 1154 1079; x_wconf 69' lang='lat' dir='ltr'>,te</span> <span class='ocrx_word' id='word_1_44' title='bbox 1216 1008 1533 1094; x_wconf 80' lang='lat' dir='ltr'>scripsisti</span> <span class='ocrx_word' id='word_1_45' title='bbox 1559 1083 1565 1087; x_wconf 52' lang='grc'><strong>,</strong></span> <span class='ocrx_word' id='word_1_46' title='bbox 1587 1030 1714 1074; x_wconf 89' lang='lat' dir='ltr'>non</span> <span class='ocrx_word' id='word_1_47' title='bbox 1761 1009 2158 1090; x_wconf 85' lang='lat' dir='ltr'>meminisse,</span> <span class='ocrx_word' id='word_1_48' title='bbox 2227 1008 2341 1075; x_wconf 91' lang='lat' dir='ltr'>ubi</span> <span class='ocrx_word' id='word_1_49' title='bbox 2399 1029 2552 1075; x_wconf 87' lang='lat' dir='ltr'>nam</span> <span class='ocrx_word' id='word_1_50' title='bbox 2601 1030 2749 1095; x_wconf 88' lang='lat' dir='ltr'>spe-</span> 
     </span>
     <span class='ocr_line' id='line_1_9' title="bbox 399 1110 2749 1201; baseline 0 -21"><span class='ocrx_word' id='word_1_51' title='bbox 399 1113 619 1180; x_wconf 90' lang='lat' dir='ltr'>ciatim</span> <span class='ocrx_word' id='word_1_52' title='bbox 668 1113 694 1152; x_wconf 85' lang='lat'>⁵</span> <span class='ocrx_word' id='word_1_53' title='bbox 740 1110 1025 1179; x_wconf 85' lang='lat' dir='ltr'>scandali</span> <span class='ocrx_word' id='word_1_54' title='bbox 1075 1114 1477 1180; x_wconf 85' lang='lat' dir='ltr'>occasionem</span> <span class='ocrx_word' id='word_1_55' title='bbox 1535 1112 1936 1197; x_wconf 62' lang='lat' dir='ltr'>praestitisse,</span> <span class='ocrx_word' id='word_1_56' title='bbox 1983 1120 2099 1179; x_wconf 85' lang='lat' dir='ltr'>aut</span> <span class='ocrx_word' id='word_1_57' title='bbox 2144 1114 2502 1197; x_wconf 87' lang='lat' dir='ltr'>scripturas</span> <span class='ocrx_word' id='word_1_58' title='bbox 2550 1118 2749 1201; x_wconf 84' lang='lat' dir='ltr'>expo-</span> 
     </span>
     <span class='ocr_line' id='line_1_10' title="bbox 396 1218 2746 1303; baseline 0 -18"><span class='ocrx_word' id='word_1_59' title='bbox 396 1218 639 1285; x_wconf 86' lang='lat' dir='ltr'>suisses</span> <span class='ocrx_word' id='word_1_60' title='bbox 684 1218 877 1283; x_wconf 88' lang='lat' dir='ltr'>aliter</span> <span class='ocrx_word' id='word_1_61' title='bbox 922 1240 1115 1303; x_wconf 85' lang='lat' dir='ltr'>quam</span> <span class='ocrx_word' id='word_1_62' title='bbox 1143 1219 1437 1302; x_wconf 89' lang='lat' dir='ltr'>patiatur</span> <span class='ocrx_word' id='word_1_63' title='bbox 1483 1218 1854 1285; x_wconf 86' lang='lat' dir='ltr'>intellectus</span> <span class='ocrx_word' id='word_1_64' title='bbox 1891 1218 2202 1299; x_wconf 80' lang='lat' dir='ltr'>ecclesiae,</span> <span class='ocrx_word' id='word_1_65' title='bbox 2247 1220 2483 1284; x_wconf 88' lang='lat' dir='ltr'>iccirco</span> <span class='ocrx_word' id='word_1_66' title='bbox 2531 1219 2746 1286; x_wconf 86' lang='lat' dir='ltr'>literis</span> 
     </span>
     <span class='ocr_line' id='line_1_11' title="bbox 395 1321 2746 1410; baseline 0.001 -23"><span class='ocrx_word' id='word_1_67' title='bbox 395 1321 497 1389; x_wconf 88' lang='lat' dir='ltr'>his</span> <span class='ocrx_word' id='word_1_68' title='bbox 540 1323 779 1389; x_wconf 89' lang='lat' dir='ltr'>nostris</span> <span class='ocrx_word' id='word_1_69' title='bbox 825 1322 1083 1389; x_wconf 87' lang='lat' dir='ltr'>illorum</span> <span class='ocrx_word' id='word_1_70' title='bbox 1128 1323 1406 1391; x_wconf 85' lang='lat' dir='ltr'>indicem</span> <span class='ocrx_word' id='word_1_71' title='bbox 1452 1324 1904 1409; x_wconf 84' lang='lat' dir='ltr'>implicitatum</span> <span class='ocrx_word' id='word_1_72' title='bbox 1935 1323 2460 1405; x_wconf 87' lang='lat' dir='ltr'>transmittimus,</span> <span class='ocrx_word' id='word_1_73' title='bbox 2509 1324 2577 1389; x_wconf 90' lang='lat' dir='ltr'>in</span> <span class='ocrx_word' id='word_1_74' title='bbox 2613 1342 2746 1410; x_wconf 87' lang='lat' dir='ltr'>quo</span> 
     </span>
     <span class='ocr_line' id='line_1_12' title="bbox 392 1426 2744 1513; baseline 0.001 -20"><span class='ocrx_word' id='word_1_75' title='bbox 392 1433 719 1494; x_wconf 86' lang='lat' dir='ltr'>annotatae</span> <span class='ocrx_word' id='word_1_76' title='bbox 766 1426 1092 1495; x_wconf 85' lang='lat' dir='ltr'>habentur</span> <span class='ocrx_word' id='word_1_77' title='bbox 1124 1427 1151 1467; x_wconf 68' lang='grc' dir='ltr'><strong>θ</strong></span> <span class='ocrx_word' id='word_1_78' title='bbox 1194 1428 1670 1513; x_wconf 80' lang='lat' dir='ltr'>propositiones</span> <span class='ocrx_word' id='word_1_79' title='bbox 1703 1434 1770 1495; x_wconf 89' lang='lat' dir='ltr'>et</span> <span class='ocrx_word' id='word_1_80' title='bbox 1815 1428 2237 1513; x_wconf 82' lang='lat' dir='ltr'>allegationes</span> <span class='ocrx_word' id='word_1_81' title='bbox 2291 1429 2570 1513; x_wconf 88' lang='lat' dir='ltr'>sparsim</span> <span class='ocrx_word' id='word_1_82' title='bbox 2621 1450 2744 1513; x_wconf 87' lang='lat' dir='ltr'>per</span> 
     </span>
     <span class='ocr_line' id='line_1_13' title="bbox 395 1532 2745 1619; baseline 0.001 -22"><span class='ocrx_word' id='word_1_83' title='bbox 395 1539 463 1599; x_wconf 87' lang='lat' dir='ltr'>te</span> <span class='ocrx_word' id='word_1_84' title='bbox 510 1554 591 1599; x_wconf 86' lang='lat' dir='ltr'>ex</span> <span class='ocrx_word' id='word_1_85' title='bbox 636 1532 963 1618; x_wconf 86' lang='lat' dir='ltr'>scriptura</span> <span class='ocrx_word' id='word_1_86' title='bbox 1007 1553 1211 1613; x_wconf 84' lang='lat' dir='ltr'>sacra,</span> <span class='ocrx_word' id='word_1_87' title='bbox 1258 1539 1328 1599; x_wconf 90' lang='lat' dir='ltr'>et</span> <span class='ocrx_word' id='word_1_88' title='bbox 1372 1554 1453 1599; x_wconf 84' lang='lat' dir='ltr'>ex</span> <span class='ocrx_word' id='word_1_89' title='bbox 1495 1539 1779 1619; x_wconf 86' lang='lat' dir='ltr'>utroque</span> <span class='ocrx_word' id='word_1_90' title='bbox 1827 1535 2026 1600; x_wconf 87' lang='lat' dir='ltr'>etiam</span> <span class='ocrx_word' id='word_1_91' title='bbox 2057 1533 2211 1618; x_wconf 89' lang='lat' dir='ltr'>jure</span> <span class='ocrx_word' id='word_1_92' title='bbox 2243 1534 2745 1619; x_wconf 88' lang='lat' dir='ltr'>impertinenter</span> 
     </span>
     <span class='ocr_line' id='line_1_14' title="bbox 396 1636 2742 1723; baseline 0.002 -22"><span class='ocrx_word' id='word_1_93' title='bbox 396 1637 612 1702; x_wconf 85' lang='lat' dir='ltr'>allatae</span> <span class='ocrx_word' id='word_1_94' title='bbox 648 1638 689 1703; x_wconf 83' lang='lat'>⁷.</span> <span class='ocrx_word' id='word_1_95' title='bbox 780 1638 990 1722; x_wconf 88' lang='lat' dir='ltr'>Super</span> <span class='ocrx_word' id='word_1_96' title='bbox 1050 1636 1319 1721; x_wconf 89' lang='lat' dir='ltr'>quibus,</span> <span class='ocrx_word' id='word_1_97' title='bbox 1380 1638 1480 1705; x_wconf 87' lang='lat' dir='ltr'>uti</span> <span class='ocrx_word' id='word_1_98' title='bbox 1539 1637 1728 1705; x_wconf 86' lang='lat' dir='ltr'>nobis</span> <span class='ocrx_word' id='word_1_99' title='bbox 1789 1639 1998 1705; x_wconf 86' lang='lat' dir='ltr'>visum</span> <span class='ocrx_word' id='word_1_100' title='bbox 2045 1644 2176 1719; x_wconf 89' lang='lat' dir='ltr'>est,</span> <span class='ocrx_word' id='word_1_101' title='bbox 2222 1640 2290 1703; x_wconf 90' lang='lat' dir='ltr'>in</span> <span class='ocrx_word' id='word_1_102' title='bbox 2333 1638 2742 1723; x_wconf 89' lang='lat' dir='ltr'>apologetico</span> 
     </span>
     <span class='ocr_line' id='line_1_15' title="bbox 402 1736 2742 1830; baseline 0.002 -23"><span class='ocrx_word' id='word_1_103' title='bbox 402 1748 517 1807; x_wconf 89' lang='lat' dir='ltr'>tuo</span> <span class='ocrx_word' id='word_1_104' title='bbox 566 1741 741 1826; x_wconf 91' lang='lat' dir='ltr'>quod</span> <span class='ocrx_word' id='word_1_105' title='bbox 772 1741 973 1809; x_wconf 88' lang='lat' dir='ltr'>latine</span> <span class='ocrx_word' id='word_1_106' title='bbox 1006 1742 1322 1827; x_wconf 90' lang='lat' dir='ltr'>scriptum</span> <span class='ocrx_word' id='word_1_107' title='bbox 1369 1743 1832 1811; x_wconf 88' lang='lat' dir='ltr'>consultationi</span> <span class='ocrx_word' id='word_1_108' title='bbox 1878 1751 2010 1812; x_wconf 83' lang='lat' dir='ltr'>tuae</span> <span class='ocrx_word' id='word_1_109' title='bbox 2040 1736 2049 1747; x_wconf 76' lang='grc'>’</span> <span class='ocrx_word' id='word_1_110' title='bbox 2054 1744 2330 1830; x_wconf 83' lang='lat' dir='ltr'>junxisti</span> <span class='ocrx_word' id='word_1_111' title='bbox 2369 1765 2498 1810; x_wconf 88' lang='lat' dir='ltr'>non</span> <span class='ocrx_word' id='word_1_112' title='bbox 2531 1746 2696 1811; x_wconf 85' lang='lat' dir='ltr'>satis</span> <span class='ocrx_word' id='word_1_113' title='bbox 2716 1744 2742 1783; x_wconf 83' lang='lat'>⁸</span> 
     </span>
     <span class='ocr_line' id='line_1_16' title="bbox 395 1845 2744 1935; baseline 0.002 -24"><span class='ocrx_word' id='word_1_114' title='bbox 395 1868 515 1931; x_wconf 88' lang='lat' dir='ltr'>pro</span> <span class='ocrx_word' id='word_1_115' title='bbox 580 1845 733 1913; x_wconf 87' lang='lat' dir='ltr'>fidei</span> <span class='ocrx_word' id='word_1_116' title='bbox 780 1854 935 1915; x_wconf 82' lang='lat' dir='ltr'>-tuae</span> <span class='ocrx_word' id='word_1_117' title='bbox 1005 1848 1401 1933; x_wconf 83' lang='lat' dir='ltr'>synceritate</span> <span class='ocrx_word' id='word_1_118' title='bbox 1472 1855 1540 1916; x_wconf 90' lang='lat' dir='ltr'>te</span> <span class='ocrx_word' id='word_1_119' title='bbox 1619 1850 2013 1934; x_wconf 84' lang='lat' dir='ltr'>expurgasti.</span> <span class='ocrx_word' id='word_1_120' title='bbox 2131 1848 2352 1933; x_wconf 85' lang='lat' dir='ltr'>Super</span> <span class='ocrx_word' id='word_1_121' title='bbox 2415 1849 2518 1915; x_wconf 88' lang='lat' dir='ltr'>his</span> <span class='ocrx_word' id='word_1_122' title='bbox 2588 1869 2744 1935; x_wconf 88' lang='lat' dir='ltr'>ergo</span> 
     </span>
     <span class='ocr_line' id='line_1_17' title="bbox 394 1952 2746 2038; baseline 0.002 -22"><span class='ocrx_word' id='word_1_123' title='bbox 394 1952 677 2035; x_wconf 89' lang='lat' dir='ltr'>petimus</span> <span class='ocrx_word' id='word_1_124' title='bbox 711 1953 769 2035; x_wconf 81' lang='lat'>⁹,</span> <span class='ocrx_word' id='word_1_125' title='bbox 830 1961 906 2019; x_wconf 91' lang='lat' dir='ltr'>ut</span> <span class='ocrx_word' id='word_1_126' title='bbox 966 1975 1083 2038; x_wconf 90' lang='lat' dir='ltr'>per</span> <span class='ocrx_word' id='word_1_127' title='bbox 1139 1961 1255 2020; x_wconf 87' lang='lat' dir='ltr'>tua</span> <span class='ocrx_word' id='word_1_128' title='bbox 1308 1954 1560 2038; x_wconf 86' lang='lat' dir='ltr'>scripta</span> <span class='ocrx_word' id='word_1_129' title='bbox 1621 1975 1738 2021; x_wconf 89' lang='lat' dir='ltr'>nos</span> <span class='ocrx_word' id='word_1_130' title='bbox 1801 1954 2004 2021; x_wconf 89' lang='lat' dir='ltr'>latius</span> <span class='ocrx_word' id='word_1_131' title='bbox 2073 1960 2356 2021; x_wconf 89' lang='lat' dir='ltr'>mentem</span> <span class='ocrx_word' id='word_1_132' title='bbox 2401 1961 2585 2032; x_wconf 85' lang='lat' dir='ltr'>tuam</span> <span class='ocrx_word' id='word_1_133' title='bbox 2635 1955 2746 2021; x_wconf 90' lang='lat' dir='ltr'>de-</span> 
     </span>
     <span class='ocr_line' id='line_1_18' title="bbox 394 2056 2744 2143; baseline 0.003 -24"><span class='ocrx_word' id='word_1_134' title='bbox 394 2056 669 2123; x_wconf 87' lang='lat' dir='ltr'>velando</span> <span class='ocrx_word' id='word_1_135' title='bbox 714 2058 1041 2139; x_wconf 88' lang='lat' dir='ltr'>informes,</span> <span class='ocrx_word' id='word_1_136' title='bbox 1088 2064 1205 2125; x_wconf 90' lang='lat' dir='ltr'>aut</span> <span class='ocrx_word' id='word_1_137' title='bbox 1252 2058 1546 2143; x_wconf 83' lang='lat' dir='ltr'>exemplo</span> <span class='ocrx_word' id='word_1_138' title='bbox 1592 2058 1854 2125; x_wconf 90' lang='lat' dir='ltr'>humilis</span> <span class='ocrx_word' id='word_1_139' title='bbox 1900 2064 1970 2125; x_wconf 92' lang='lat' dir='ltr'>et</span> <span class='ocrx_word' id='word_1_140' title='bbox 2026 2059 2338 2143; x_wconf 89' lang='lat' dir='ltr'>sapientis</span> <span class='ocrx_word' id='word_1_141' title='bbox 2393 2060 2744 2143; x_wconf 84' lang='lat' dir='ltr'>Augustini</span> 
     </span>
     <span class='ocr_line' id='line_1_19' title="bbox 395 2160 2740 2248; baseline 0.002 -22"><span class='ocrx_word' id='word_1_142' title='bbox 395 2160 791 2244; x_wconf 85' lang='lat' dir='ltr'>palinodiam</span> <span class='ocrx_word' id='word_1_143' title='bbox 822 2164 1145 2232; x_wconf 87' lang='lat' dir='ltr'>cantando</span> <span class='ocrx_word' id='word_1_144' title='bbox 1198 2170 1535 2231; x_wconf 85' lang='lat' dir='ltr'>retractes.</span> <span class='ocrx_word' id='word_1_145' title='bbox 1625 2166 1781 2230; x_wconf 84' lang='lat' dir='ltr'>Haec</span> <span class='ocrx_word' id='word_1_146' title='bbox 1831 2164 2000 2230; x_wconf 88' lang='lat' dir='ltr'>enim</span> <span class='ocrx_word' id='word_1_147' title='bbox 2042 2171 2145 2229; x_wconf 91' lang='lat' dir='ltr'>est</span> <span class='ocrx_word' id='word_1_148' title='bbox 2183 2164 2460 2248; x_wconf 88' lang='lat' dir='ltr'>ingenua</span> <span class='ocrx_word' id='word_1_149' title='bbox 2491 2172 2561 2230; x_wconf 91' lang='lat' dir='ltr'>et</span> <span class='ocrx_word' id='word_1_150' title='bbox 2587 2187 2740 2231; x_wconf 84' lang='lat' dir='ltr'>vere</span> 
     </span>
     <span class='ocr_line' id='line_1_20' title="bbox 396 2267 2734 2354; baseline 0.002 -23"><span class='ocrx_word' id='word_1_151' title='bbox 396 2267 751 2334; x_wconf 87' lang='lat' dir='ltr'>christiana</span> <span class='ocrx_word' id='word_1_152' title='bbox 810 2292 958 2335; x_wconf 88' lang='lat' dir='ltr'>cum</span> <span class='ocrx_word' id='word_1_153' title='bbox 1012 2269 1333 2336; x_wconf 84' lang='lat' dir='ltr'>charitate</span> <span class='ocrx_word' id='word_1_154' title='bbox 1391 2270 1724 2350; x_wconf 82' lang='lat' dir='ltr'>severitas,</span> <span class='ocrx_word' id='word_1_155' title='bbox 1771 2270 2095 2354; x_wconf 86' lang='lat' dir='ltr'>corrigere</span> <span class='ocrx_word' id='word_1_156' title='bbox 2142 2276 2339 2354; x_wconf 89' lang='lat' dir='ltr'>atque</span> <span class='ocrx_word' id='word_1_157' title='bbox 2388 2269 2734 2336; x_wconf 87' lang='lat' dir='ltr'>emendare</span> 
     </span>
     <span class='ocr_line' id='line_1_21' title="bbox 394 2373 2731 2461; baseline 0.001 -25"><span class='ocrx_word' id='word_1_158' title='bbox 394 2379 512 2437; x_wconf 89' lang='lat' dir='ltr'>aut</span> <span class='ocrx_word' id='word_1_159' title='bbox 558 2374 754 2440; x_wconf 87' lang='lat' dir='ltr'>etiam</span> <span class='ocrx_word' id='word_1_160' title='bbox 806 2374 1143 2442; x_wconf 89' lang='lat' dir='ltr'>destruere</span> <span class='ocrx_word' id='word_1_161' title='bbox 1182 2376 1233 2414; x_wconf 83' lang='lat'>¹⁰</span> <span class='ocrx_word' id='word_1_162' title='bbox 1281 2396 1463 2459; x_wconf 90' lang='lat' dir='ltr'>opus,</span> <span class='ocrx_word' id='word_1_163' title='bbox 1511 2375 1686 2461; x_wconf 90' lang='lat' dir='ltr'>quod</span> <span class='ocrx_word' id='word_1_164' title='bbox 1737 2374 2098 2459; x_wconf 81' lang='lat' dir='ltr'>improvida</span> <span class='ocrx_word' id='word_1_165' title='bbox 2143 2381 2210 2439; x_wconf 90' lang='lat' dir='ltr'>et</span> <span class='ocrx_word' id='word_1_166' title='bbox 2253 2373 2422 2439; x_wconf 90' lang='lat' dir='ltr'>male</span> <span class='ocrx_word' id='word_1_167' title='bbox 2485 2374 2731 2440; x_wconf 88' lang='lat' dir='ltr'>circun-</span> 
     </span>
     <span class='ocr_line' id='line_1_22' title="bbox 390 2479 2732 2564; baseline 0.001 -21"><span class='ocrx_word' id='word_1_168' title='bbox 390 2484 620 2563; x_wconf 83' lang='lat' dir='ltr'>specta</span> <span class='ocrx_word' id='word_1_169' title='bbox 663 2480 1047 2547; x_wconf 85' lang='lat' dir='ltr'>festinantia</span> <span class='ocrx_word' id='word_1_170' title='bbox 1091 2480 1349 2547; x_wconf 81' lang='lat' dir='ltr'>struxit.</span> <span class='ocrx_word' id='word_1_171' title='bbox 1439 2480 1604 2547; x_wconf 87' lang='lat' dir='ltr'>Nam</span> <span class='ocrx_word' id='word_1_172' title='bbox 1657 2481 1748 2546; x_wconf 90' lang='lat' dir='ltr'>sic</span> <span class='ocrx_word' id='word_1_173' title='bbox 1795 2482 1899 2564; x_wconf 92' lang='lat' dir='ltr'>(ut</span> <span class='ocrx_word' id='word_1_174' title='bbox 1926 2479 2142 2546; x_wconf 81' lang='lat' dir='ltr'>verbis</span> <span class='ocrx_word' id='word_1_175' title='bbox 2192 2480 2321 2545; x_wconf 87' lang='lat' dir='ltr'>tuis</span> <span class='ocrx_word' id='word_1_176' title='bbox 2351 2485 2614 2546; x_wconf 87' lang='lat' dir='ltr'>utamur</span> <span class='ocrx_word' id='word_1_177' title='bbox 2651 2482 2732 2558; x_wconf 89' lang='lat'>1¹)</span> 
     </span>
     <span class='ocr_line' id='line_1_23' title="bbox 388 2584 2736 2669; baseline 0.001 -21"><span class='ocrx_word' id='word_1_178' title='bbox 388 2584 830 2669; x_wconf 88' lang='lat' dir='ltr'>integritatem</span> <span class='ocrx_word' id='word_1_179' title='bbox 875 2587 939 2651; x_wconf 91' lang='lat' dir='ltr'>in</span> <span class='ocrx_word' id='word_1_180' title='bbox 987 2592 1055 2653; x_wconf 88' lang='lat' dir='ltr'>te</span> <span class='ocrx_word' id='word_1_181' title='bbox 1101 2608 1285 2653; x_wconf 88' lang='lat' dir='ltr'>suam</span> <span class='ocrx_word' id='word_1_182' title='bbox 1334 2584 1498 2652; x_wconf 87' lang='lat' dir='ltr'>fides</span> <span class='ocrx_word' id='word_1_183' title='bbox 1543 2586 2056 2653; x_wconf 86' lang='lat' dir='ltr'>incontaminata</span> <span class='ocrx_word' id='word_1_184' title='bbox 2101 2584 2428 2652; x_wconf 88' lang='lat' dir='ltr'>custodiet</span> <span class='ocrx_word' id='word_1_185' title='bbox 2471 2584 2544 2664; x_wconf 77' lang='lat'>¹²,</span> <span class='ocrx_word' id='word_1_186' title='bbox 2589 2585 2736 2651; x_wconf 86' lang='lat' dir='ltr'>illu-</span> 
     </span>
     <span class='ocr_line' id='line_1_24' title="bbox 386 2690 2732 2783; baseline 0.001 -28"><span class='ocrx_word' id='word_1_187' title='bbox 386 2690 675 2758; x_wconf 86' lang='lat' dir='ltr'>minante</span> <span class='ocrx_word' id='word_1_188' title='bbox 720 2698 785 2759; x_wconf 90' lang='lat' dir='ltr'>te</span> <span class='ocrx_word' id='word_1_189' title='bbox 834 2692 1111 2772; x_wconf 87' lang='lat' dir='ltr'>Christo,</span> <span class='ocrx_word' id='word_1_190' title='bbox 1182 2692 1293 2777; x_wconf 90' lang='lat' dir='ltr'>qui</span> <span class='ocrx_word' id='word_1_191' title='bbox 1336 2691 1423 2758; x_wconf 88' lang='lat' dir='ltr'>ad</span> <span class='ocrx_word' id='word_1_192' title='bbox 1469 2690 1994 2783; x_wconf 72' lang='lat' dir='ltr'>aedificationem·</span> <span class='ocrx_word' id='word_1_193' title='bbox 2030 2690 2313 2758; x_wconf 86' lang='lat' dir='ltr'>aliorum</span> <span class='ocrx_word' id='word_1_194' title='bbox 2376 2696 2444 2755; x_wconf 89' lang='lat' dir='ltr'>te</span> <span class='ocrx_word' id='word_1_195' title='bbox 2501 2711 2732 2757; x_wconf 90' lang='lat' dir='ltr'>sanum</span> 
     </span>
     <span class='ocr_line' id='line_1_25' title="bbox 390 2795 2733 2863; baseline 0.001 -2"><span class='ocrx_word' id='word_1_196' title='bbox 390 2801 457 2861; x_wconf 91' lang='lat' dir='ltr'>et</span> <span class='ocrx_word' id='word_1_197' title='bbox 512 2796 899 2863; x_wconf 87' lang='lat' dir='ltr'>incolumem</span> <span class='ocrx_word' id='word_1_198' title='bbox 968 2802 1203 2863; x_wconf 81' lang='lat' dir='ltr'>servet.</span> <span class='ocrx_word' id='word_1_199' title='bbox 1314 2796 1496 2863; x_wconf 86' lang='lat' dir='ltr'>Vale.</span> <span class='ocrx_word' id='word_1_200' title='bbox 1603 2798 1702 2862; x_wconf 86' lang='lat' dir='ltr'>Ex</span> <span class='ocrx_word' id='word_1_201' title='bbox 1768 2795 2038 2863; x_wconf 84' lang='lat' dir='ltr'>Colonia</span> <span class='ocrx_word' id='word_1_202' title='bbox 2099 2795 2308 2861; x_wconf 88' lang='lat' dir='ltr'>nostri</span> <span class='ocrx_word' id='word_1_203' title='bbox 2372 2795 2733 2863; x_wconf 83' lang='lat' dir='ltr'>decanatus</span> 
     </span>
     <span class='ocr_line' id='line_1_26' title="bbox 388 2899 2732 2985; baseline -0 -19"><span class='ocrx_word' id='word_1_204' title='bbox 388 2899 509 2967; x_wconf 89' lang='lat' dir='ltr'>sub</span> <span class='ocrx_word' id='word_1_205' title='bbox 541 2902 771 2985; x_wconf 88' lang='lat' dir='ltr'>sigillo,</span> <span class='ocrx_word' id='word_1_206' title='bbox 818 2902 922 2968; x_wconf 90' lang='lat' dir='ltr'>die</span> <span class='ocrx_word' id='word_1_207' title='bbox 970 2901 1258 2968; x_wconf 86' lang='lat' dir='ltr'>secunda</span> <span class='ocrx_word' id='word_1_208' title='bbox 1303 2902 1546 2969; x_wconf 89' lang='lat' dir='ltr'>Mensis</span> <span class='ocrx_word' id='word_1_209' title='bbox 1576 2902 1892 2968; x_wconf 85' lang='lat' dir='ltr'>Januarii.</span> <span class='ocrx_word' id='word_1_210' title='bbox 1943 2902 2126 2967; x_wconf 88' lang='lat' dir='ltr'>Anno</span> <span class='ocrx_word' id='word_1_211' title='bbox 2153 2901 2209 2941; x_wconf 76' lang='lat'>¹³</span> <span class='ocrx_word' id='word_1_212' title='bbox 2262 2900 2502 2965; x_wconf 89' lang='lat' dir='ltr'>domini</span> <span class='ocrx_word' id='word_1_213' title='bbox 2543 2904 2732 2965; x_wconf 87' lang='lat'>1512.</span> 
     </span>
    </p>

    <p class='ocr_par' dir='ltr' id='par_1_6' title="bbox 386 3006 2734 3299">
     <span class='ocr_line' id='line_1_27' title="bbox 564 3006 2730 3086; baseline -0 -18"><span class='ocrx_word' id='word_1_214' title='bbox 564 3010 884 3076; x_wconf 87' lang='lat' dir='ltr'>Gedruckt:</span> <span class='ocrx_word' id='word_1_215' title='bbox 911 3016 942 3071; x_wconf 93' lang='lat'>1</span> <span class='ocrx_word' id='word_1_216' title='bbox 962 3031 1044 3069; x_wconf 72' lang='grc' dir='ltr'>τ..-</span> <span class='ocrx_word' id='word_1_217' title='bbox 1058 3010 1450 3072; x_wconf 85' lang='lat' dir='ltr'>Pfefferkorns</span> <span class='ocrx_word' id='word_1_218' title='bbox 1463 3012 1888 3086; x_wconf 82' lang='lat' dir='ltr'>beschyrmung</span> <span class='ocrx_word' id='word_1_219' title='bbox 1909 3006 2000 3070; x_wconf 84' lang='lat' dir='ltr'>Hb</span> <span class='ocrx_word' id='word_1_220' title='bbox 2023 3034 2104 3065; x_wconf 87' lang='lat'><strong><em>=</em></strong></span> <span class='ocrx_word' id='word_1_221' title='bbox 2117 3010 2366 3085; x_wconf 88' lang='lat' dir='ltr'>peperic.</span> <span class='ocrx_word' id='word_1_222' title='bbox 2387 3007 2502 3069; x_wconf 89' lang='lat' dir='ltr'>def.</span> <span class='ocrx_word' id='word_1_223' title='bbox 2526 3026 2584 3083; x_wconf 88' lang='lat' dir='ltr'>p.</span> <span class='ocrx_word' id='word_1_224' title='bbox 2608 3014 2637 3067; x_wconf 95' lang='lat'>1</span> <span class='ocrx_word' id='word_1_225' title='bbox 2651 3010 2730 3069; x_wconf 85' lang='lat'>25</span> 
     </span>
     <span class='ocr_line' id='line_1_28' title="bbox 388 3115 2734 3192; baseline 0 -19"><span class='ocrx_word' id='word_1_226' title='bbox 388 3119 608 3177; x_wconf 83' lang='lat' dir='ltr'>2.=J.</span> <span class='ocrx_word' id='word_1_227' title='bbox 643 3136 695 3177; x_wconf 87' lang='lat' dir='ltr'>v.</span> <span class='ocrx_word' id='word_1_228' title='bbox 730 3135 780 3177; x_wconf 90' lang='lat' dir='ltr'>e.</span> <span class='ocrx_word' id='word_1_229' title='bbox 813 3134 869 3192; x_wconf 85' lang='lat' dir='ltr'>g.</span> <span class='ocrx_word' id='word_1_230' title='bbox 911 3122 980 3176; x_wconf 73' lang='lat' dir='ltr'>la</span> <span class='ocrx_word' id='word_1_231' title='bbox 1009 3117 1097 3178; x_wconf 86' lang='lat' dir='ltr'>bis</span> <span class='ocrx_word' id='word_1_232' title='bbox 1133 3120 1207 3175; x_wconf 59' lang='grc' dir='ltr'>2ῑιι</span> <span class='ocrx_word' id='word_1_233' title='bbox 1238 3121 1275 3178; x_wconf 88' lang='lat'><strong>3</strong></span> <span class='ocrx_word' id='word_1_234' title='bbox 1298 3118 1648 3192; x_wconf 77' lang='lat' dir='ltr'>=Bulaeu8‚</span> <span class='ocrx_word' id='word_1_235' title='bbox 1693 3118 1935 3177; x_wconf 86' lang='lat' dir='ltr'>historia</span> <span class='ocrx_word' id='word_1_236' title='bbox 1965 3118 2354 3177; x_wconf 86' lang='lat' dir='ltr'>universitatis</span> <span class='ocrx_word' id='word_1_237' title='bbox 2384 3115 2734 3175; x_wconf 86' lang='lat' dir='ltr'>Parisiensis</span> 
     </span>
     <span class='ocr_line' id='line_1_29' title="bbox 386 3216 2426 3299; baseline -0.001 -16"><span class='ocrx_word' id='word_1_238' title='bbox 386 3223 466 3283; x_wconf 91' lang='lat' dir='ltr'>VI</span> <span class='ocrx_word' id='word_1_239' title='bbox 496 3240 553 3297; x_wconf 83' lang='lat' dir='ltr'>p.</span> <span class='ocrx_word' id='word_1_240' title='bbox 590 3216 675 3283; x_wconf 72' lang='lat'>52·</span> <span class='ocrx_word' id='word_1_241' title='bbox 704 3224 790 3283; x_wconf 87' lang='lat' dir='ltr'>bis</span> <span class='ocrx_word' id='word_1_242' title='bbox 824 3225 927 3283; x_wconf 82' lang='lat'>54.</span> <span class='ocrx_word' id='word_1_243' title='bbox 964 3227 1022 3283; x_wconf 87' lang='lat'>4.</span> <span class='ocrx_word' id='word_1_244' title='bbox 1058 3244 1142 3277; x_wconf 87' lang='lat'>=</span> <span class='ocrx_word' id='word_1_245' title='bbox 1173 3223 1387 3297; x_wconf 70' lang='lat' dir='ltr'>Maiae,</span> <span class='ocrx_word' id='word_1_246' title='bbox 1419 3226 1540 3284; x_wconf 86' lang='lat' dir='ltr'>vita</span> <span class='ocrx_word' id='word_1_247' title='bbox 1569 3224 1872 3284; x_wconf 89' lang='lat' dir='ltr'>Reuchlini</span> <span class='ocrx_word' id='word_1_248' title='bbox 1902 3242 1959 3299; x_wconf 92' lang='lat' dir='ltr'>p.</span> <span class='ocrx_word' id='word_1_249' title='bbox 1997 3225 2124 3283; x_wconf 87' lang='lat'>318</span> <span class='ocrx_word' id='word_1_250' title='bbox 2157 3223 2246 3282; x_wconf 91' lang='lat' dir='ltr'>bis</span> <span class='ocrx_word' id='word_1_251' title='bbox 2279 3224 2426 3281; x_wconf 85' lang='lat'>321.</span> 
     </span>
    </p>

    <p class='ocr_par' dir='ltr' id='par_1_7' title="bbox 382 3326 2731 3623">
     <span class='ocr_line' id='line_1_30' title="bbox 560 3326 2731 3404; baseline -0.001 -16"><span class='ocrx_word' id='word_1_252' title='bbox 560 3330 728 3389; x_wconf 87' lang='lat' dir='ltr'>Anm.</span> <span class='ocrx_word' id='word_1_253' title='bbox 754 3330 791 3389; x_wconf 88' lang='lat'><strong>3</strong></span> <span class='ocrx_word' id='word_1_254' title='bbox 808 3330 982 3402; x_wconf 50' lang='lat' dir='ltr'>und,4</span> <span class='ocrx_word' id='word_1_255' title='bbox 1014 3330 1147 3389; x_wconf 88' lang='lat' dir='ltr'>sind</span> <span class='ocrx_word' id='word_1_256' title='bbox 1164 3346 1269 3390; x_wconf 87' lang='lat' dir='ltr'>aus</span> <span class='ocrx_word' id='word_1_257' title='bbox 1286 3334 1323 3389; x_wconf 87' lang='lat'>2</span> <span class='ocrx_word' id='word_1_258' title='bbox 1339 3328 1644 3404; x_wconf 84' lang='lat' dir='ltr'>geflossen,</span> <span class='ocrx_word' id='word_1_259' title='bbox 1677 3329 1858 3389; x_wconf 87' lang='lat' dir='ltr'>daher</span> <span class='ocrx_word' id='word_1_260' title='bbox 1883 3328 1975 3387; x_wconf 87' lang='lat' dir='ltr'>ich</span> <span class='ocrx_word' id='word_1_261' title='bbox 1995 3344 2103 3387; x_wconf 87' lang='lat' dir='ltr'>nur</span> <span class='ocrx_word' id='word_1_262' title='bbox 2132 3326 2262 3387; x_wconf 88' lang='lat' dir='ltr'>ihre</span> <span class='ocrx_word' id='word_1_263' title='bbox 2285 3326 2731 3401; x_wconf 84' lang='lat' dir='ltr'>abweichungen</span> 
     </span>
     <span class='ocr_line' id='line_1_31' title="bbox 384 3430 2728 3509; baseline -0.002 -15"><span class='ocrx_word' id='word_1_264' title='bbox 384 3450 497 3495; x_wconf 87' lang='lat' dir='ltr'>von</span> <span class='ocrx_word' id='word_1_265' title='bbox 517 3434 733 3495; x_wconf 85' lang='lat' dir='ltr'>diesem</span> <span class='ocrx_word' id='word_1_266' title='bbox 763 3433 1024 3495; x_wconf 75' lang='lat' dir='ltr'>anffihre.</span> <span class='ocrx_word' id='word_1_267' title='bbox 1062 3440 1098 3495; x_wconf 85' lang='lat'><strong>2</strong></span> <span class='ocrx_word' id='word_1_268' title='bbox 1117 3437 1195 3494; x_wconf 85' lang='lat' dir='ltr'>ist</span> <span class='ocrx_word' id='word_1_269' title='bbox 1216 3436 1419 3509; x_wconf 81' lang='lat' dir='ltr'>gewiss</span> <span class='ocrx_word' id='word_1_270' title='bbox 1444 3434 1546 3494; x_wconf 87' lang='lat' dir='ltr'>das</span> <span class='ocrx_word' id='word_1_271' title='bbox 1563 3434 1964 3509; x_wconf 84' lang='lat' dir='ltr'>abgeschickte</span> <span class='ocrx_word' id='word_1_272' title='bbox 1983 3432 2252 3507; x_wconf 83' lang='lat' dir='ltr'>original,</span> <span class='ocrx_word' id='word_1_273' title='bbox 2292 3436 2321 3489; x_wconf 95' lang='lat'>1</span> <span class='ocrx_word' id='word_1_274' title='bbox 2349 3430 2452 3492; x_wconf 84' lang='lat' dir='ltr'>das</span> <span class='ocrx_word' id='word_1_275' title='bbox 2469 3436 2728 3505; x_wconf 88' lang='lat' dir='ltr'>concept,</span> 
     </span>
     <span class='ocr_line' id='line_1_32' title="bbox 382 3536 2726 3623; baseline -0.002 -25"><span class='ocrx_word' id='word_1_276' title='bbox 382 3540 485 3600; x_wconf 85' lang='lat' dir='ltr'>das</span> <span class='ocrx_word' id='word_1_277' title='bbox 503 3557 617 3601; x_wconf 82' lang='lat' dir='ltr'>von</span> <span class='ocrx_word' id='word_1_278' title='bbox 648 3541 761 3601; x_wconf 91' lang='lat' dir='ltr'>den</span> <span class='ocrx_word' id='word_1_279' title='bbox 780 3540 1161 3601; x_wconf 84' lang='lat' dir='ltr'>adressanten</span> <span class='ocrx_word' id='word_1_280' title='bbox 1192 3539 1716 3623; x_wconf 72' lang='lat' dir='ltr'>geandert‘wurde3</span> <span class='ocrx_word' id='word_1_281' title='bbox 1751 3538 2009 3599; x_wconf 85' lang='lat' dir='ltr'>einzelne</span> <span class='ocrx_word' id='word_1_282' title='bbox 2027 3536 2478 3609; x_wconf 80' lang='lat' dir='ltr'>abweichungen</span> <span class='ocrx_word' id='word_1_283' title='bbox 2505 3552 2556 3595; x_wconf 91' lang='lat' dir='ltr'>s.</span> <span class='ocrx_word' id='word_1_284' title='bbox 2586 3538 2726 3607; x_wconf 87' lang='lat'>147,</span> 
     </span>
    </p>
   </div>
   <div class='ocr_carea' id='block_1_5' title="bbox 388 3645 2726 3885">
    <p class='ocr_par' dir='ltr' id='par_1_8' title="bbox 388 3645 2726 3885">
     <span class='ocr_line' id='line_1_33' title="bbox 388 3645 2120 3721; baseline -0.002 -17"><span class='ocrx_word' id='word_1_285' title='bbox 388 3647 447 3721; x_wconf 87' lang='lat'>5,</span> <span class='ocrx_word' id='word_1_286' title='bbox 486 3650 595 3721; x_wconf 81' lang='lat'>143</span> <span class='ocrx_word' id='word_1_287' title='bbox 634 3648 781 3719; x_wconf 86' lang='lat'>148,</span> <span class='ocrx_word' id='word_1_288' title='bbox 818 3648 853 3705; x_wconf 89' lang='lat'>9</span> <span class='ocrx_word' id='word_1_289' title='bbox 888 3647 1105 3707; x_wconf 78' lang='lat' dir='ltr'>ruhren</span> <span class='ocrx_word' id='word_1_290' title='bbox 1134 3645 1427 3707; x_wconf 85' lang='lat' dir='ltr'>vielleicht</span> <span class='ocrx_word' id='word_1_291' title='bbox 1457 3662 1570 3706; x_wconf 90' lang='lat' dir='ltr'>von</span> <span class='ocrx_word' id='word_1_292' title='bbox 1601 3645 1884 3705; x_wconf 84' lang='lat' dir='ltr'>Reuchlin</span> <span class='ocrx_word' id='word_1_293' title='bbox 1913 3645 2039 3703; x_wconf 88' lang='lat' dir='ltr'>her.</span> <span class='ocrx_word' id='word_1_294' title='bbox 2117 3696 2120 3699; x_wconf 84' lang='lat'>.</span> 
     </span>
     <span class='ocr_line' id='line_1_34' title="bbox 530 3749 2726 3885; baseline -0.001 -17"><span class='ocrx_word' id='word_1_295' title='bbox 530 3824 547 3868; x_wconf 92' lang='lat' dir='ltr'>l</span> <span class='ocrx_word' id='word_1_296' title='bbox 594 3818 735 3869; x_wconf 82' lang='lat' dir='ltr'>Male</span> <span class='ocrx_word' id='word_1_297' title='bbox 765 3823 807 3869; x_wconf 93' lang='grc'>1.</span> <span class='ocrx_word' id='word_1_298' title='bbox 910 3824 937 3869; x_wconf 90' lang='grc'><strong>2</strong></span> <span class='ocrx_word' id='word_1_299' title='bbox 978 3818 1188 3871; x_wconf 82' lang='lat' dir='ltr'>Tollere</span> <span class='ocrx_word' id='word_1_300' title='bbox 1220 3823 1264 3870; x_wconf 95' lang='lat'>1.</span> <span class='ocrx_word' id='word_1_301' title='bbox 1363 3821 1394 3870; x_wconf 85' lang='lat'><strong>3</strong></span> <span class='ocrx_word' id='word_1_302' title='bbox 1435 3749 1569 3882; x_wconf 35' lang='lat' dir='ltr'>Qud?</span> <span class='ocrx_word' id='word_1_303' title='bbox 1595 3822 1639 3869; x_wconf 88' lang='lat'>1.</span> <span class='ocrx_word' id='word_1_304' title='bbox 1735 3821 1769 3866; x_wconf 88' lang='grc'>4</span> <span class='ocrx_word' id='word_1_305' title='bbox 1806 3814 2022 3885; x_wconf 78' lang='lat' dir='ltr'>Tollite]</span> <span class='ocrx_word' id='word_1_306' title='bbox 2053 3814 2203 3867; x_wconf 82' lang='lat' dir='ltr'>nicht</span> <span class='ocrx_word' id='word_1_307' title='bbox 2227 3816 2280 3865; x_wconf 87' lang='lat' dir='ltr'>in</span> <span class='ocrx_word' id='word_1_308' title='bbox 2303 3812 2586 3877; x_wconf 77' lang='lat' dir='ltr'>Jeremias,</span> <span class='ocrx_word' id='word_1_309' title='bbox 2614 3830 2726 3865; x_wconf 85' lang='lat' dir='ltr'>sou·</span> 
     </span>
    </p>
   </div>
   <div class='ocr_carea' id='block_1_6' title="bbox 372 3900 2727 4137">
    <p class='ocr_par' dir='ltr' id='par_1_9' title="bbox 372 3900 2727 4137">
     <span class='ocr_line' id='line_1_35' title="bbox 377 3900 2725 3974; baseline -0.002 -17"><span class='ocrx_word' id='word_1_310' title='bbox 377 3906 501 3957; x_wconf 88' lang='lat' dir='ltr'>dern</span> <span class='ocrx_word' id='word_1_311' title='bbox 534 3907 700 3971; x_wconf 81' lang='lat' dir='ltr'>Jesaj.</span> <span class='ocrx_word' id='word_1_312' title='bbox 736 3908 827 3971; x_wconf 86' lang='grc'>62,</span> <span class='ocrx_word' id='word_1_313' title='bbox 871 3912 948 3958; x_wconf 87' lang='grc'>10.</span> <span class='ocrx_word' id='word_1_314' title='bbox 1060 3908 1099 3957; x_wconf 82' lang='grc'><strong>5</strong></span> <span class='ocrx_word' id='word_1_315' title='bbox 1127 3908 1411 3974; x_wconf 84' lang='lat' dir='ltr'>Speciatim</span> <span class='ocrx_word' id='word_1_316' title='bbox 1446 3906 1788 3973; x_wconf 79' lang='lat' dir='ltr'>ausgelassen</span> <span class='ocrx_word' id='word_1_317' title='bbox 1819 3908 1864 3955; x_wconf 93' lang='lat'>1.</span> <span class='ocrx_word' id='word_1_318' title='bbox 1975 3907 2006 3955; x_wconf 86' lang='grc'><strong>6</strong></span> <span class='ocrx_word' id='word_1_319' title='bbox 2043 3903 2176 3953; x_wconf 85' lang='lat' dir='ltr'>Sunt</span> <span class='ocrx_word' id='word_1_320' title='bbox 2213 3907 2340 3953; x_wconf 81' lang='lat' dir='ltr'>ststt</span> <span class='ocrx_word' id='word_1_321' title='bbox 2385 3900 2651 3952; x_wconf 84' lang='lat' dir='ltr'>habentur</span> <span class='ocrx_word' id='word_1_322' title='bbox 2681 3906 2725 3953; x_wconf 90' lang='lat'>1.</span> 
     </span>
     <span class='ocr_line' id='line_1_36' title="bbox 372 3991 2727 4065; baseline -0.002 -22"><span class='ocrx_word' id='word_1_323' title='bbox 372 3998 400 4043; x_wconf 79' lang='lat'>7</span> <span class='ocrx_word' id='word_1_324' title='bbox 444 3996 851 4065; x_wconf 75' lang='lat' dir='ltr'>propositiones]</span> <span class='ocrx_word' id='word_1_325' title='bbox 889 3996 974 4046; x_wconf 86' lang='lat' dir='ltr'>bei</span> <span class='ocrx_word' id='word_1_326' title='bbox 1002 3995 1199 4047; x_wconf 84' lang='lat' dir='ltr'>diesem</span> <span class='ocrx_word' id='word_1_327' title='bbox 1222 3995 1387 4047; x_wconf 81' lang='lat' dir='ltr'>briefe</span> <span class='ocrx_word' id='word_1_328' title='bbox 1424 3996 1574 4045; x_wconf 85' lang='lat' dir='ltr'>nicht</span> <span class='ocrx_word' id='word_1_329' title='bbox 1611 3994 1863 4057; x_wconf 74' lang='lat' dir='ltr'>erhalten,</span> <span class='ocrx_word' id='word_1_330' title='bbox 1899 3994 1958 4043; x_wconf 88' lang='lat' dir='ltr'>R.</span> <span class='ocrx_word' id='word_1_331' title='bbox 1982 3991 2164 4043; x_wconf 87' lang='lat' dir='ltr'>theilte</span> <span class='ocrx_word' id='word_1_332' title='bbox 2202 3991 2280 4042; x_wconf 87' lang='lat' dir='ltr'>sie</span> <span class='ocrx_word' id='word_1_333' title='bbox 2313 3994 2491 4057; x_wconf 58' lang='lat' dir='ltr'>spater</span> <span class='ocrx_word' id='word_1_334' title='bbox 2529 3991 2727 4043; x_wconf 87' lang='lat' dir='ltr'>seinem</span> 
     </span>
     <span class='ocr_line' id='line_1_37' title="bbox 378 4078 2726 4137; baseline -0.003 -4"><span class='ocrx_word' id='word_1_335' title='bbox 378 4084 594 4137; x_wconf 85' lang='lat' dir='ltr'>freunde</span> <span class='ocrx_word' id='word_1_336' title='bbox 610 4086 938 4137; x_wconf 79' lang='lat' dir='ltr'>Hildebrand</span> <span class='ocrx_word' id='word_1_337' title='bbox 952 4088 1049 4136; x_wconf 84' lang='lat' dir='ltr'>mit</span> <span class='ocrx_word' id='word_1_338' title='bbox 1070 4091 1089 4135; x_wconf 89' lang='lat'>1</span> <span class='ocrx_word' id='word_1_339' title='bbox 1120 4086 1236 4137; x_wconf 82' lang='lat' dir='ltr'>Oct.</span> <span class='ocrx_word' id='word_1_340' title='bbox 1258 4088 1410 4135; x_wconf 82' lang='lat'>1512.</span> <span class='ocrx_word' id='word_1_341' title='bbox 1431 4092 1594 4135; x_wconf 85' lang='lat' dir='ltr'>unten</span> <span class='ocrx_word' id='word_1_342' title='bbox 1621 4099 1733 4135; x_wconf 87' lang='lat' dir='ltr'>nro.</span> <span class='ocrx_word' id='word_1_343' title='bbox 1755 4082 1931 4134; x_wconf 76' lang='lat' dir='ltr'>CLIV.</span> <span class='ocrx_word' id='word_1_344' title='bbox 2007 4084 2038 4131; x_wconf 92' lang='lat'>8</span> <span class='ocrx_word' id='word_1_345' title='bbox 2054 4081 2114 4131; x_wconf 92' lang='lat' dir='ltr'>In</span> <span class='ocrx_word' id='word_1_346' title='bbox 2130 4080 2434 4131; x_wconf 72' lang='lat' dir='ltr'>defensione</span> <span class='ocrx_word' id='word_1_347' title='bbox 2455 4084 2550 4131; x_wconf 78' lang='lat' dir='ltr'>tna</span> <span class='ocrx_word' id='word_1_348' title='bbox 2567 4078 2726 4127; x_wconf 75' lang='lat' dir='ltr'>latine</span> 
     </span>
    </p>
   </div>
   <div class='ocr_carea' id='block_1_7' title="bbox 375 4168 2724 4326">
    <p class='ocr_par' dir='ltr' id='par_1_10' title="bbox 375 4168 2724 4326">
     <span class='ocr_line' id='line_1_38' title="bbox 378 4168 2724 4239; baseline -0.004 -16"><span class='ocrx_word' id='word_1_349' title='bbox 378 4173 521 4223; x_wconf 86' lang='lat' dir='ltr'>edita</span> <span class='ocrx_word' id='word_1_350' title='bbox 543 4189 606 4226; x_wconf 85' lang='lat' dir='ltr'>ac</span> <span class='ocrx_word' id='word_1_351' title='bbox 637 4173 1010 4226; x_wconf 80' lang='lat' dir='ltr'>consultationi</span> <span class='ocrx_word' id='word_1_352' title='bbox 1029 4175 1217 4239; x_wconf 80' lang='lat' dir='ltr'>juncta</span> <span class='ocrx_word' id='word_1_353' title='bbox 1240 4172 1383 4225; x_wconf 85' lang='lat' dir='ltr'>NON</span> <span class='ocrx_word' id='word_1_354' title='bbox 1411 4172 1612 4223; x_wconf 83' lang='lat' dir='ltr'>SATIS</span> <span class='ocrx_word' id='word_1_355' title='bbox 1637 4175 1685 4221; x_wconf 91' lang='grc'>2.</span> <span class='ocrx_word' id='word_1_356' title='bbox 1738 4173 1769 4222; x_wconf 81' lang='grc'><strong>9</strong></span> <span class='ocrx_word' id='word_1_357' title='bbox 1798 4172 1969 4234; x_wconf 80' lang='lat' dir='ltr'>Quare</span> <span class='ocrx_word' id='word_1_358' title='bbox 1997 4168 2222 4237; x_wconf 82' lang='lat' dir='ltr'>petimus</span> <span class='ocrx_word' id='word_1_359' title='bbox 2252 4172 2300 4219; x_wconf 90' lang='grc'>2.</span> <span class='ocrx_word' id='word_1_360' title='bbox 2329 4172 2557 4217; x_wconf 84' lang='lat' dir='ltr'>mentem</span> <span class='ocrx_word' id='word_1_361' title='bbox 2585 4172 2724 4215; x_wconf 79' lang='lat' dir='ltr'>tuam</span> 
     </span>
     <span class='ocr_line' id='line_1_39' title="bbox 375 4250 2722 4326; baseline -0.004 -16"><span class='ocrx_word' id='word_1_362' title='bbox 375 4259 563 4323; x_wconf 53' lang='lat' dir='ltr'>latium</span> <span class='ocrx_word' id='word_1_363' title='bbox 586 4278 685 4313; x_wconf 85' lang='lat' dir='ltr'>nos</span> <span class='ocrx_word' id='word_1_364' title='bbox 710 4278 805 4313; x_wconf 82' lang='lat' dir='ltr'>vor</span> <span class='ocrx_word' id='word_1_365' title='bbox 822 4264 1075 4313; x_wconf 81' lang='lat' dir='ltr'>informes</span> <span class='ocrx_word' id='word_1_366' title='bbox 1102 4266 1149 4313; x_wconf 93' lang='grc'>2.</span> <span class='ocrx_word' id='word_1_367' title='bbox 1202 4263 1265 4311; x_wconf 89' lang='grc'>10</span> <span class='ocrx_word' id='word_1_368' title='bbox 1282 4261 1387 4311; x_wconf 75' lang='lat' dir='ltr'>Aut</span> <span class='ocrx_word' id='word_1_369' title='bbox 1404 4263 1564 4311; x_wconf 83' lang='lat' dir='ltr'>etiam</span> <span class='ocrx_word' id='word_1_370' title='bbox 1579 4260 1840 4311; x_wconf 87' lang='lat' dir='ltr'>destruere</span> <span class='ocrx_word' id='word_1_371' title='bbox 1857 4257 2200 4326; x_wconf 75' lang='lat' dir='ltr'>ausgelassen</span> <span class='ocrx_word' id='word_1_372' title='bbox 2225 4264 2267 4306; x_wconf 85' lang='lat' dir='ltr'>l.</span> <span class='ocrx_word' id='word_1_373' title='bbox 2311 4259 2368 4305; x_wconf 92' lang='lat'>11</span> <span class='ocrx_word' id='word_1_374' title='bbox 2389 4254 2524 4305; x_wconf 86' lang='lat' dir='ltr'>Nam</span> <span class='ocrx_word' id='word_1_375' title='bbox 2535 4250 2620 4305; x_wconf 81' lang='lat' dir='ltr'>bis</span> <span class='ocrx_word' id='word_1_376' title='bbox 2633 4252 2722 4312; x_wconf 87' lang='lat' dir='ltr'>sic,</span> 
     </span>
    </p>
   </div>
   <div class='ocr_carea' id='block_1_8' title="bbox 374 4338 2720 4506">
    <p class='ocr_par' dir='ltr' id='par_1_11' title="bbox 374 4338 2720 4506">
     <span class='ocr_line' id='line_1_40' title="bbox 378 4338 2720 4415; baseline -0.005 -16"><span class='ocrx_word' id='word_1_377' title='bbox 378 4353 437 4399; x_wconf 86' lang='lat' dir='ltr'>ut</span> <span class='ocrx_word' id='word_1_378' title='bbox 462 4350 639 4401; x_wconf 80' lang='lat' dir='ltr'>verbis</span> <span class='ocrx_word' id='word_1_379' title='bbox 664 4352 769 4402; x_wconf 81' lang='lat' dir='ltr'>tuis</span> <span class='ocrx_word' id='word_1_380' title='bbox 798 4357 1002 4401; x_wconf 85' lang='lat' dir='ltr'>utamur</span> <span class='ocrx_word' id='word_1_381' title='bbox 1028 4349 1375 4415; x_wconf 78' lang='lat' dir='ltr'>ausgelassen</span> <span class='ocrx_word' id='word_1_382' title='bbox 1401 4355 1445 4401; x_wconf 92' lang='lat'>1.</span> <span class='ocrx_word' id='word_1_383' title='bbox 1470 4348 1624 4400; x_wconf 65' lang='lat' dir='ltr'>dafen-</span> <span class='ocrx_word' id='word_1_384' title='bbox 1650 4354 1921 4414; x_wconf 83' lang='lat' dir='ltr'>quatenus.</span> <span class='ocrx_word' id='word_1_385' title='bbox 1987 4350 2048 4397; x_wconf 86' lang='lat'>12</span> <span class='ocrx_word' id='word_1_386' title='bbox 2075 4344 2383 4409; x_wconf 76' lang='lat' dir='ltr'>Custodiat3</span> <span class='ocrx_word' id='word_1_387' title='bbox 2424 4356 2526 4393; x_wconf 84' lang='lat' dir='ltr'>von</span> <span class='ocrx_word' id='word_1_388' title='bbox 2551 4342 2619 4391; x_wconf 77' lang='lat' dir='ltr'>da</span> <span class='ocrx_word' id='word_1_389' title='bbox 2645 4338 2720 4389; x_wconf 84' lang='lat' dir='ltr'>bis</span> 
     </span>
     <span class='ocr_line' id='line_1_41' title="bbox 374 4426 2718 4506; baseline -0.005 -17"><span class='ocrx_word' id='word_1_390' title='bbox 374 4445 547 4489; x_wconf 81' lang='lat' dir='ltr'>servet</span> <span class='ocrx_word' id='word_1_391' title='bbox 575 4438 915 4506; x_wconf 78' lang='lat' dir='ltr'>ausgelassen</span> <span class='ocrx_word' id='word_1_392' title='bbox 934 4444 977 4489; x_wconf 89' lang='lat'>1.</span> <span class='ocrx_word' id='word_1_393' title='bbox 1040 4440 1101 4487; x_wconf 82' lang='lat'>13</span> <span class='ocrx_word' id='word_1_394' title='bbox 1132 4437 1213 4487; x_wconf 81' lang='lat' dir='ltr'>Ex</span> <span class='ocrx_word' id='word_1_395' title='bbox 1239 4437 1324 4489; x_wconf 75' lang='lat' dir='ltr'>bis</span> <span class='ocrx_word' id='word_1_396' title='bbox 1344 4438 1542 4489; x_wconf 87' lang='lat' dir='ltr'>domini</span> <span class='ocrx_word' id='word_1_397' title='bbox 1579 4436 1919 4502; x_wconf 79' lang='lat' dir='ltr'>ausgelassen</span> <span class='ocrx_word' id='word_1_398' title='bbox 1955 4438 2008 4501; x_wconf 76' lang='lat'>13</span> <span class='ocrx_word' id='word_1_399' title='bbox 2048 4432 2183 4484; x_wconf 82' lang='lat' dir='ltr'>nach</span> <span class='ocrx_word' id='word_1_400' title='bbox 2209 4430 2444 4481; x_wconf 85' lang='lat' dir='ltr'>MDXII:</span> <span class='ocrx_word' id='word_1_401' title='bbox 2492 4426 2718 4479; x_wconf 67' lang='lat' dir='ltr'>secunda</span> 
     </span>
    </p>
   </div>
   <div class='ocr_carea' id='block_1_9' title="bbox 376 4526 640 4578">
    <p class='ocr_par' dir='ltr' id='par_1_12' title="bbox 376 4526 640 4578">
     <span class='ocr_line' id='line_1_42' title="bbox 376 4526 640 4578; baseline 0 0"><span class='ocrx_word' id='word_1_402' title='bbox 376 4526 411 4578; x_wconf 81' lang='lat' dir='ltr'>J</span> <span class='ocrx_word' id='word_1_403' title='bbox 418 4528 640 4578; x_wconf 81' lang='lat' dir='ltr'>aunarii.</span> 
     </span>
    </p>
   </div>
   <div class='ocr_carea' id='block_1_10' title="bbox 2935 2384 2945 3099">
    <p class='ocr_par' dir='ltr' id='par_1_13' title="bbox 2935 2384 2945 3099">
     <span class='ocr_line' id='line_1_43' title="bbox 2935 2384 2945 3099; baseline 0 0"><span class='ocrx_word' id='word_1_404' title='bbox 2935 2384 2945 3099; x_wconf 95' lang='lat' dir='ltr'> </span> 
     </span>
    </p>
   </div>
  </div>
 </body>
</html>
