<?xml version="1.0" encoding="UTF-8"?>
<!DOCTYPE html PUBLIC "-//W3C//DTD XHTML 1.0 Transitional//EN"
    "http://www.w3.org/TR/xhtml1/DTD/xhtml1-transitional.dtd">
<html xmlns="http://www.w3.org/1999/xhtml" xml:lang="en" lang="en">
 <head>
  <title>
</title>
<meta http-equiv="Content-Type" content="text/html;charset=utf-8" />
  <meta name='ocr-system' content='tesseract 3.04.00' />
  <meta name='ocr-capabilities' content='ocr_page ocr_carea ocr_par ocr_line ocrx_word'/>
</head>
<body>
  <div class='ocr_page' id='page_1' title='image "./johannreuchlins00geiggoog/johannreuchlins00geiggoog_0153.png"; bbox 0 0 2950 5042; ppageno 0'>
   <div class='ocr_carea' id='block_1_1' title="bbox 1275 373 1402 440">
    <p class='ocr_par' dir='ltr' id='par_1_1' title="bbox 1275 373 1402 440">
     <span class='ocr_line' id='line_1_1' title="bbox 1275 373 1402 440; baseline 0 -1"><span class='ocrx_word' id='word_1_1' title='bbox 1275 373 1402 440; x_wconf 88' lang='lat'><strong>143</strong></span> 
     </span>
    </p>
   </div>
   <div class='ocr_carea' id='block_1_2' title="bbox 190 559 2522 4020">
    <p class='ocr_par' dir='ltr' id='par_1_2' title="bbox 190 559 2522 4020">
     <span class='ocr_line' id='line_1_2' title="bbox 212 559 2509 647; baseline 0.001 -20"><span class='ocrx_word' id='word_1_2' title='bbox 212 560 417 646; x_wconf 88' lang='lat' dir='ltr'><strong>quibus</strong></span> <span class='ocrx_word' id='word_1_3' title='bbox 474 580 585 627; x_wconf 83' lang='lat' dir='ltr'><strong>vos</strong></span> <span class='ocrx_word' id='word_1_4' title='bbox 647 560 942 640; x_wconf 88' lang='lat' dir='ltr'><strong>utimini,</strong></span> <span class='ocrx_word' id='word_1_5' title='bbox 1020 559 1137 627; x_wconf 87' lang='lat' dir='ltr'><strong>sed</strong></span> <span class='ocrx_word' id='word_1_6' title='bbox 1218 562 1470 645; x_wconf 79' lang='lat' dir='ltr'><strong>topicis.</strong></span> <span class='ocrx_word' id='word_1_7' title='bbox 1579 560 1729 629; x_wconf 89' lang='lat' dir='ltr'><strong>Fuit</strong></span> <span class='ocrx_word' id='word_1_8' title='bbox 1807 562 1975 627; x_wconf 88' lang='lat' dir='ltr'><strong>enim</strong></span> <span class='ocrx_word' id='word_1_9' title='bbox 2038 584 2236 647; x_wconf 83' lang='lat' dir='ltr'><strong>genus</strong></span> <span class='ocrx_word' id='word_1_10' title='bbox 2299 584 2509 631; x_wconf 83' lang='lat' dir='ltr'><strong>causae</strong></span> 
     </span>
     <span class='ocr_line' id='line_1_3' title="bbox 207 666 2500 751; baseline 0.002 -22"><span class='ocrx_word' id='word_1_11' title='bbox 207 666 678 745; x_wconf 86' lang='lat' dir='ltr'><strong>deliberativum,</strong></span> <span class='ocrx_word' id='word_1_12' title='bbox 713 666 885 750; x_wconf 90' lang='lat' dir='ltr'><strong>quod</strong></span> <span class='ocrx_word' id='word_1_13' title='bbox 916 666 980 729; x_wconf 90' lang='lat' dir='ltr'><strong>in</strong></span> <span class='ocrx_word' id='word_1_14' title='bbox 1012 666 1553 733; x_wconf 79' lang='lat' dir='ltr'><strong>consultationem</strong></span> <span class='ocrx_word' id='word_1_15' title='bbox 1585 668 1865 751; x_wconf 91' lang='lat' dir='ltr'><strong>positum</strong></span> <span class='ocrx_word' id='word_1_16' title='bbox 1897 668 2088 751; x_wconf 83' lang='lat' dir='ltr'><strong>juxta</strong></span> <span class='ocrx_word' id='word_1_17' title='bbox 2119 668 2500 734; x_wconf 83' lang='lat' dir='ltr'>Ciceronem</span> 
     </span>
     <span class='ocr_line' id='line_1_4' title="bbox 209 770 2515 858; baseline 0.002 -23"><span class='ocrx_word' id='word_1_18' title='bbox 209 770 378 836; x_wconf 89' lang='lat' dir='ltr'><strong>habet</strong></span> <span class='ocrx_word' id='word_1_19' title='bbox 416 772 479 835; x_wconf 91' lang='lat' dir='ltr'><strong>in</strong></span> <span class='ocrx_word' id='word_1_20' title='bbox 524 793 592 837; x_wconf 87' lang='lat' dir='ltr'><strong>se</strong></span> <span class='ocrx_word' id='word_1_21' title='bbox 640 772 1005 838; x_wconf 82' lang='lat' dir='ltr'><strong>suasionem</strong></span> <span class='ocrx_word' id='word_1_22' title='bbox 1052 778 1117 836; x_wconf 91' lang='lat' dir='ltr'><strong>et</strong></span> <span class='ocrx_word' id='word_1_23' title='bbox 1165 771 1636 839; x_wconf 83' lang='lat' dir='ltr'><strong>dissuasionem</strong></span> <span class='ocrx_word' id='word_1_24' title='bbox 1677 776 1715 853; x_wconf 88' lang='lat'><strong>¹,</strong></span> <span class='ocrx_word' id='word_1_25' title='bbox 1765 779 2166 858; x_wconf 87' lang='lat' dir='ltr'><strong>quapropter</strong></span> <span class='ocrx_word' id='word_1_26' title='bbox 2215 795 2347 839; x_wconf 88' lang='lat' dir='ltr'><strong>non</strong></span> <span class='ocrx_word' id='word_1_27' title='bbox 2381 795 2515 839; x_wconf 86' lang='lat' dir='ltr'><strong>ma-</strong></span> 
     </span>
     <span class='ocr_line' id='line_1_5' title="bbox 208 875 2518 962; baseline 0.002 -22"><span class='ocrx_word' id='word_1_28' title='bbox 208 875 599 956; x_wconf 87' lang='lat' dir='ltr'><strong>themathice,</strong></span> <span class='ocrx_word' id='word_1_29' title='bbox 661 876 778 941; x_wconf 85' lang='lat' dir='ltr'><strong>sed</strong></span> <span class='ocrx_word' id='word_1_30' title='bbox 834 876 1153 943; x_wconf 88' lang='lat' dir='ltr'><strong>rhetorice</strong></span> <span class='ocrx_word' id='word_1_31' title='bbox 1210 878 1554 962; x_wconf 75' lang='lat' dir='ltr'><strong>disputavi,</strong></span> <span class='ocrx_word' id='word_1_32' title='bbox 1603 879 1816 945; x_wconf 88' lang='lat' dir='ltr'><strong>omnia</strong></span> <span class='ocrx_word' id='word_1_33' title='bbox 1871 878 2273 946; x_wconf 89' lang='lat' dir='ltr'><strong>concludens</strong></span> <span class='ocrx_word' id='word_1_34' title='bbox 2349 880 2518 945; x_wconf 86' lang='lat' dir='ltr'><strong>citra</strong></span> 
     </span>
     <span class='ocr_line' id='line_1_6' title="bbox 208 980 2507 1067; baseline 0.003 -23"><span class='ocrx_word' id='word_1_35' title='bbox 208 981 615 1064; x_wconf 85' lang='lat' dir='ltr'><strong>praejudicium</strong></span> <span class='ocrx_word' id='word_1_36' title='bbox 659 980 983 1059; x_wconf 85' lang='lat' dir='ltr'><strong>veritatis,</strong></span> <span class='ocrx_word' id='word_1_37' title='bbox 1046 982 1219 1065; x_wconf 88' lang='lat' dir='ltr'><strong>quod</strong></span> <span class='ocrx_word' id='word_1_38' title='bbox 1266 981 1413 1048; x_wconf 88' lang='lat' dir='ltr'><strong>finis</strong></span> <span class='ocrx_word' id='word_1_39' title='bbox 1466 983 1714 1049; x_wconf 89' lang='lat' dir='ltr'><strong>consilii</strong></span> <span class='ocrx_word' id='word_1_40' title='bbox 1769 984 1894 1049; x_wconf 89' lang='lat' dir='ltr'><strong>mei</strong></span> <span class='ocrx_word' id='word_1_41' title='bbox 1939 984 2154 1067; x_wconf 90' lang='lat' dir='ltr'><strong>palam</strong></span> <span class='ocrx_word' id='word_1_42' title='bbox 2205 984 2507 1061; x_wconf 89' lang='lat' dir='ltr'><strong>ostendit,</strong></span> 
     </span>
     <span class='ocr_line' id='line_1_7' title="bbox 208 1084 2508 1173; baseline 0.002 -22"><span class='ocrx_word' id='word_1_43' title='bbox 208 1084 301 1151; x_wconf 90' lang='lat' dir='ltr'><strong>ubi</strong></span> <span class='ocrx_word' id='word_1_44' title='bbox 358 1086 557 1151; x_wconf 89' lang='lat' dir='ltr'><strong>detuli</strong></span> <span class='ocrx_word' id='word_1_45' title='bbox 615 1086 923 1151; x_wconf 89' lang='lat' dir='ltr'><strong>honorem</strong></span> <span class='ocrx_word' id='word_1_46' title='bbox 984 1086 1469 1172; x_wconf 86' lang='lat' dir='ltr'><strong>archiepiscopo</strong></span> <span class='ocrx_word' id='word_1_47' title='bbox 1543 1094 1610 1153; x_wconf 91' lang='lat' dir='ltr'><strong>et</strong></span> <span class='ocrx_word' id='word_1_48' title='bbox 1667 1088 1982 1169; x_wconf 83' lang='lat' dir='ltr'><strong>ecclesiae,</strong></span> <span class='ocrx_word' id='word_1_49' title='bbox 2049 1110 2177 1173; x_wconf 92' lang='lat' dir='ltr'><strong>quo</strong></span> <span class='ocrx_word' id='word_1_50' title='bbox 2251 1090 2508 1155; x_wconf 89' lang='lat' dir='ltr'><strong>nomine</strong></span> 
     </span>
     <span class='ocr_line' id='line_1_8' title="bbox 208 1192 2504 1273; baseline 0.002 -18"><span class='ocrx_word' id='word_1_51' title='bbox 208 1192 521 1256; x_wconf 83' lang='lat' dir='ltr'><strong>secundum</strong></span> <span class='ocrx_word' id='word_1_52' title='bbox 575 1192 1103 1257; x_wconf 88' lang='lat' dir='ltr'><strong>Panormitanum</strong></span> <span class='ocrx_word' id='word_1_53' title='bbox 1158 1192 1225 1257; x_wconf 93' lang='lat' dir='ltr'><strong>in</strong></span> <span class='ocrx_word' id='word_1_54' title='bbox 1279 1214 1331 1258; x_wconf 91' lang='lat' dir='ltr'><strong>c.</strong></span> <span class='ocrx_word' id='word_1_55' title='bbox 1392 1193 2014 1260; x_wconf 86' lang='lat' dir='ltr'><strong>excommunicamus</strong></span> <span class='ocrx_word' id='word_1_56' title='bbox 2060 1194 2142 1273; x_wconf 88' lang='lat'><strong>11,</strong></span> <span class='ocrx_word' id='word_1_57' title='bbox 2191 1200 2378 1259; x_wconf 87' lang='lat' dir='ltr'><strong>extra</strong></span> <span class='ocrx_word' id='word_1_58' title='bbox 2423 1194 2504 1259; x_wconf 92' lang='lat' dir='ltr'><strong>de</strong></span> 
     </span>
     <span class='ocr_line' id='line_1_9' title="bbox 208 1295 2513 1383; baseline 0.001 -24"><span class='ocrx_word' id='word_1_59' title='bbox 208 1295 495 1363; x_wconf 85' lang='lat' dir='ltr'><strong>haereticis</strong></span> <span class='ocrx_word' id='word_1_60' title='bbox 541 1295 1015 1379; x_wconf 83' lang='lat' dir='ltr'><strong>intelliguntur:</strong></span> <span class='ocrx_word' id='word_1_61' title='bbox 1042 1332 1052 1341; x_wconf 94' lang='lat'>·</span> <span class='ocrx_word' id='word_1_62' title='bbox 1080 1298 1291 1381; x_wconf 90' lang='lat' dir='ltr'><strong>Papa,</strong></span> <span class='ocrx_word' id='word_1_63' title='bbox 1342 1298 1758 1364; x_wconf 88' lang='lat' dir='ltr'><strong>Dioecesanus</strong></span> <span class='ocrx_word' id='word_1_64' title='bbox 1816 1304 1883 1364; x_wconf 92' lang='lat' dir='ltr'><strong>et</strong></span> <span class='ocrx_word' id='word_1_65' title='bbox 1935 1299 2282 1383; x_wconf 88' lang='lat' dir='ltr'><strong>inquisitor</strong></span> <span class='ocrx_word' id='word_1_66' title='bbox 2341 1319 2513 1363; x_wconf 89' lang='lat' dir='ltr'><strong>com-</strong></span> 
     </span>
     <span class='ocr_line' id='line_1_10' title="bbox 209 1400 2517 1487; baseline 0.003 -24"><span class='ocrx_word' id='word_1_67' title='bbox 209 1401 531 1482; x_wconf 84' lang='lat' dir='ltr'><strong>missarius,</strong></span> <span class='ocrx_word' id='word_1_68' title='bbox 582 1400 815 1486; x_wconf 86' lang='lat' dir='ltr'><strong>quibus</strong></span> <span class='ocrx_word' id='word_1_69' title='bbox 860 1423 964 1467; x_wconf 91' lang='lat' dir='ltr'><strong>me</strong></span> <span class='ocrx_word' id='word_1_70' title='bbox 1013 1401 1275 1487; x_wconf 89' lang='lat' dir='ltr'><strong>subjeci,</strong></span> <span class='ocrx_word' id='word_1_71' title='bbox 1323 1410 1726 1487; x_wconf 84' lang='lat' dir='ltr'><strong>protestatus</strong></span> <span class='ocrx_word' id='word_1_72' title='bbox 1773 1402 1929 1467; x_wconf 89' lang='lat' dir='ltr'><strong>nihil</strong></span> <span class='ocrx_word' id='word_1_73' title='bbox 1967 1404 2284 1468; x_wconf 82' lang='lat' dir='ltr'><strong>affirmare</strong></span> <span class='ocrx_word' id='word_1_74' title='bbox 2335 1403 2517 1483; x_wconf 87' lang='lat' dir='ltr'><strong>velle,</strong></span> 
     </span>
     <span class='ocr_line' id='line_1_11' title="bbox 210 1505 2456 1587; baseline 0.003 -18"><span class='ocrx_word' id='word_1_75' title='bbox 210 1505 354 1587; x_wconf 87' lang='lat' dir='ltr'><strong>quod</strong></span> <span class='ocrx_word' id='word_1_76' title='bbox 396 1506 494 1570; x_wconf 90' lang='lat' dir='ltr'><strong>illi</strong></span> <span class='ocrx_word' id='word_1_77' title='bbox 546 1526 673 1571; x_wconf 91' lang='lat' dir='ltr'><strong>non</strong></span> <span class='ocrx_word' id='word_1_78' title='bbox 719 1506 1136 1572; x_wconf 87' lang='lat' dir='ltr'><strong>affirmarent.</strong></span> <span class='ocrx_word' id='word_1_79' title='bbox 2443 1548 2456 1560; x_wconf 94' lang='lat'><strong>·</strong></span> 
     </span>
     <span class='ocr_line' id='line_1_12' title="bbox 356 1612 2516 1701; baseline 0.002 -25"><span class='ocrx_word' id='word_1_80' title='bbox 356 1612 683 1677; x_wconf 81' lang='lat' dir='ltr'><strong>Audivisti</strong></span> <span class='ocrx_word' id='word_1_81' title='bbox 750 1613 905 1697; x_wconf 90' lang='lat' dir='ltr'><strong>quid</strong></span> <span class='ocrx_word' id='word_1_82' title='bbox 964 1614 1091 1697; x_wconf 82' lang='lat' dir='ltr'><strong>egi;</strong></span> <span class='ocrx_word' id='word_1_83' title='bbox 1155 1613 1309 1679; x_wconf 89' lang='lat' dir='ltr'><strong>audi</strong></span> <span class='ocrx_word' id='word_1_84' title='bbox 1363 1614 1522 1698; x_wconf 91' lang='lat' dir='ltr'><strong>quid</strong></span> <span class='ocrx_word' id='word_1_85' title='bbox 1576 1613 1807 1697; x_wconf 87' lang='lat' dir='ltr'><strong>patiar.</strong></span> <span class='ocrx_word' id='word_1_86' title='bbox 1911 1613 2177 1681; x_wconf 81' lang='lat' dir='ltr'><strong>Judaeus</strong></span> <span class='ocrx_word' id='word_1_87' title='bbox 2254 1616 2516 1701; x_wconf 89' lang='lat' dir='ltr'><strong>quidam</strong></span> 
     </span>
     <span class='ocr_line' id='line_1_13' title="bbox 212 1713 2518 1802; baseline 0.003 -24"><span class='ocrx_word' id='word_1_88' title='bbox 212 1713 559 1799; x_wconf 84' lang='lat' dir='ltr'><strong>baptizatus</strong></span> <span class='ocrx_word' id='word_1_89' title='bbox 594 1717 993 1785; x_wconf 88' lang='lat' dir='ltr'><strong>Coloniensis</strong></span> <span class='ocrx_word' id='word_1_90' title='bbox 1026 1726 1447 1802; x_wconf 85' lang='lat' dir='ltr'><strong>cognomento</strong></span> <span class='ocrx_word' id='word_1_91' title='bbox 1482 1718 1900 1798; x_wconf 82' lang='lat' dir='ltr'><strong>Pfefferkorn,</strong></span> <span class='ocrx_word' id='word_1_92' title='bbox 1949 1720 2244 1787; x_wconf 88' lang='lat' dir='ltr'><strong>omnibus</strong></span> <span class='ocrx_word' id='word_1_93' title='bbox 2275 1720 2518 1787; x_wconf 89' lang='lat' dir='ltr'><strong>viribus</strong></span> 
     </span>
     <span class='ocr_line' id='line_1_14' title="bbox 216 1820 2512 1909; baseline 0.002 -25"><span class='ocrx_word' id='word_1_94' title='bbox 216 1820 387 1886; x_wconf 84' lang='lat' dir='ltr'><strong>adhoc</strong></span> <span class='ocrx_word' id='word_1_95' title='bbox 434 1829 745 1903; x_wconf 78' lang='lat' dir='ltr'><strong>conatuS,</strong></span> <span class='ocrx_word' id='word_1_96' title='bbox 790 1829 865 1889; x_wconf 92' lang='lat' dir='ltr'><strong>ut</strong></span> <span class='ocrx_word' id='word_1_97' title='bbox 912 1830 979 1889; x_wconf 90' lang='lat' dir='ltr'><strong>et</strong></span> <span class='ocrx_word' id='word_1_98' title='bbox 1024 1824 1256 1909; x_wconf 85' lang='lat' dir='ltr'><strong>singuli</strong></span> <span class='ocrx_word' id='word_1_99' title='bbox 1302 1824 1726 1890; x_wconf 88' lang='lat' dir='ltr'><strong>Hebraeorum</strong></span> <span class='ocrx_word' id='word_1_100' title='bbox 1773 1826 1950 1905; x_wconf 86' lang='lat' dir='ltr'><strong>libri,</strong></span> <span class='ocrx_word' id='word_1_101' title='bbox 2010 1832 2248 1909; x_wconf 82' lang='lat' dir='ltr'><strong>praeter</strong></span> <span class='ocrx_word' id='word_1_102' title='bbox 2305 1826 2512 1890; x_wconf 90' lang='lat' dir='ltr'><strong>solum</strong></span> 
     </span>
     <span class='ocr_line' id='line_1_15' title="bbox 210 1928 2520 2014; baseline 0.003 -25"><span class='ocrx_word' id='word_1_103' title='bbox 210 1932 261 1989; x_wconf 86' lang='lat' dir='ltr'><strong>et</strong></span> <span class='ocrx_word' id='word_1_104' title='bbox 296 1928 545 1994; x_wconf 86' lang='lat' dir='ltr'><strong>nudum</strong></span> <span class='ocrx_word' id='word_1_105' title='bbox 602 1928 815 1993; x_wconf 84' lang='lat' dir='ltr'><strong>bibliae</strong></span> <span class='ocrx_word' id='word_1_106' title='bbox 874 1934 1156 2009; x_wconf 86' lang='lat' dir='ltr'><strong>textum,</strong></span> <span class='ocrx_word' id='word_1_107' title='bbox 1222 1936 1818 2010; x_wconf 86' lang='lat' dir='ltr'><strong>concremarentur,</strong></span> <span class='ocrx_word' id='word_1_108' title='bbox 1879 1932 1982 1997; x_wconf 80' lang='lat' dir='ltr'><strong>vel</strong></span> <span class='ocrx_word' id='word_1_109' title='bbox 2026 1932 2246 2014; x_wconf 86' lang='lat' dir='ltr'><strong>potius</strong></span> <span class='ocrx_word' id='word_1_110' title='bbox 2270 1981 2285 2011; x_wconf 92' lang='lat'>‚</span> <span class='ocrx_word' id='word_1_111' title='bbox 2351 1932 2520 1996; x_wconf 88' lang='lat' dir='ltr'><strong>sicut</strong></span> 
     </span>
     <span class='ocr_line' id='line_1_16' title="bbox 208 2032 2518 2121; baseline 0.003 -27"><span class='ocrx_word' id='word_1_112' title='bbox 208 2051 303 2113; x_wconf 87' lang='lat' dir='ltr'><strong>ego</strong></span> <span class='ocrx_word' id='word_1_113' title='bbox 354 2032 496 2117; x_wconf 90' lang='lat' dir='ltr'><strong>ipse</strong></span> <span class='ocrx_word' id='word_1_114' title='bbox 562 2035 913 2100; x_wconf 87' lang='lat' dir='ltr'><strong>somniasse</strong></span> <span class='ocrx_word' id='word_1_115' title='bbox 971 2035 1255 2114; x_wconf 89' lang='lat' dir='ltr'><strong>dicerer,</strong></span> <span class='ocrx_word' id='word_1_116' title='bbox 1312 2037 1608 2101; x_wconf 90' lang='lat' dir='ltr'><strong>incendio</strong></span> <span class='ocrx_word' id='word_1_117' title='bbox 1667 2036 1926 2121; x_wconf 83' lang='lat' dir='ltr'><strong>ignique</strong></span> <span class='ocrx_word' id='word_1_118' title='bbox 1983 2038 2430 2103; x_wconf 87' lang='lat' dir='ltr'><strong>tantummodo</strong></span> <span class='ocrx_word' id='word_1_119' title='bbox 2476 2058 2518 2101; x_wconf 92' lang='lat' dir='ltr'><strong>a</strong></span> 
     </span>
     <span class='ocr_line' id='line_1_17' title="bbox 208 2134 2512 2227; baseline 0.003 -27"><span class='ocrx_word' id='word_1_120' title='bbox 208 2134 435 2227; x_wconf 73' lang='lat' dir='ltr'><strong>Gaesare</strong></span> <span class='ocrx_word' id='word_1_121' title='bbox 480 2139 1052 2219; x_wconf 85' lang='lat' dir='ltr'><strong>demandarentur,</strong></span> <span class='ocrx_word' id='word_1_122' title='bbox 1099 2162 1224 2207; x_wconf 89' lang='lat' dir='ltr'><strong>non</strong></span> <span class='ocrx_word' id='word_1_123' title='bbox 1258 2149 1486 2207; x_wconf 87' lang='lat' dir='ltr'><strong>secuta</strong></span> <span class='ocrx_word' id='word_1_124' title='bbox 1519 2143 1915 2223; x_wconf 84' lang='lat' dir='ltr'><strong>executione,</strong></span> <span class='ocrx_word' id='word_1_125' title='bbox 1961 2149 2036 2207; x_wconf 90' lang='lat' dir='ltr'><strong>ut</strong></span> <span class='ocrx_word' id='word_1_126' title='bbox 2080 2151 2230 2208; x_wconf 87' lang='lat' dir='ltr'><strong>ante</strong></span> <span class='ocrx_word' id='word_1_127' title='bbox 2263 2143 2512 2211; x_wconf 88' lang='lat' dir='ltr'><strong>scilicet</strong></span> 
     </span>
     <span class='ocr_line' id='line_1_18' title="bbox 204 2246 2514 2335; baseline 0.003 -30"><span class='ocrx_word' id='word_1_128' title='bbox 204 2247 662 2325; x_wconf 83' lang='lat' dir='ltr'><strong>executionem,</strong></span> <span class='ocrx_word' id='word_1_129' title='bbox 724 2247 779 2311; x_wconf 92' lang='lat' dir='ltr'><strong>si</strong></span> <span class='ocrx_word' id='word_1_130' title='bbox 835 2246 1211 2311; x_wconf 88' lang='lat' dir='ltr'><strong>mandatum</strong></span> <span class='ocrx_word' id='word_1_131' title='bbox 1265 2247 1426 2335; x_wconf 81' lang='lat' dir='ltr'><strong>illud</strong></span> <span class='ocrx_word' id='word_1_132' title='bbox 1485 2268 1645 2312; x_wconf 90' lang='lat' dir='ltr'><strong>auro</strong></span> <span class='ocrx_word' id='word_1_133' title='bbox 1708 2255 1774 2313; x_wconf 88' lang='lat' dir='ltr'><strong>et</strong></span> <span class='ocrx_word' id='word_1_134' title='bbox 1833 2256 2101 2332; x_wconf 84' lang='lat' dir='ltr'><strong>argento</strong></span> <span class='ocrx_word' id='word_1_135' title='bbox 2163 2249 2372 2331; x_wconf 84' lang='lat' dir='ltr'><strong>gravi,</strong></span> <span class='ocrx_word' id='word_1_136' title='bbox 2439 2254 2514 2312; x_wconf 89' lang='lat' dir='ltr'><strong>ut</strong></span> 
     </span>
     <span class='ocr_line' id='line_1_19' title="bbox 198 2346 2516 2437; baseline 0.004 -28"><span class='ocrx_word' id='word_1_137' title='bbox 198 2346 453 2430; x_wconf 82' lang='lat' dir='ltr'><strong>ipsemet</strong></span> <span class='ocrx_word' id='word_1_138' title='bbox 500 2352 767 2431; x_wconf 84' lang='lat' dir='ltr'><strong>notavit,</strong></span> <span class='ocrx_word' id='word_1_139' title='bbox 816 2351 1163 2435; x_wconf 88' lang='lat' dir='ltr'><strong>aliquando</strong></span> <span class='ocrx_word' id='word_1_140' title='bbox 1208 2360 1658 2434; x_wconf 84' lang='lat' dir='ltr'><strong>revocaretur,</strong></span> <span class='ocrx_word' id='word_1_141' title='bbox 1722 2355 2049 2437; x_wconf 83' lang='lat' dir='ltr'><strong>particeps</strong></span> <span class='ocrx_word' id='word_1_142' title='bbox 2096 2352 2283 2418; x_wconf 90' lang='lat' dir='ltr'><strong>fieret</strong></span> <span class='ocrx_word' id='word_1_143' title='bbox 2341 2354 2516 2434; x_wconf 92' lang='lat' dir='ltr'><strong>auri;</strong></span> 
     </span>
     <span class='ocr_line' id='line_1_20' title="bbox 198 2456 2513 2542; baseline 0.003 -25"><span class='ocrx_word' id='word_1_144' title='bbox 198 2475 327 2519; x_wconf 87' lang='lat' dir='ltr'><strong>cnm</strong></span> <span class='ocrx_word' id='word_1_145' title='bbox 373 2456 647 2521; x_wconf 88' lang='lat' dir='ltr'><strong>vidisset</strong></span> <span class='ocrx_word' id='word_1_146' title='bbox 691 2478 792 2521; x_wconf 86' lang='lat' dir='ltr'><strong>me</strong></span> <span class='ocrx_word' id='word_1_147' title='bbox 838 2458 1029 2523; x_wconf 86' lang='lat' dir='ltr'><strong>aliter</strong></span> <span class='ocrx_word' id='word_1_148' title='bbox 1074 2458 1409 2524; x_wconf 88' lang='lat' dir='ltr'><strong>consulere</strong></span> <span class='ocrx_word' id='word_1_149' title='bbox 1458 2481 1653 2542; x_wconf 91' lang='lat' dir='ltr'><strong>quam</strong></span> <span class='ocrx_word' id='word_1_150' title='bbox 1698 2466 1974 2542; x_wconf 87' lang='lat' dir='ltr'><strong>optaret,</strong></span> <span class='ocrx_word' id='word_1_151' title='bbox 2023 2460 2228 2525; x_wconf 89' lang='lat' dir='ltr'><strong>edidit</strong></span> <span class='ocrx_word' id='word_1_152' title='bbox 2285 2465 2513 2525; x_wconf 89' lang='lat' dir='ltr'><strong>contra</strong></span> 
     </span>
     <span class='ocr_line' id='line_1_21' title="bbox 197 2562 2518 2631; baseline 0.003 -10"><span class='ocrx_word' id='word_1_153' title='bbox 197 2580 285 2623; x_wconf 89' lang='lat' dir='ltr'><strong>me</strong></span> <span class='ocrx_word' id='word_1_154' title='bbox 336 2562 631 2627; x_wconf 91' lang='lat' dir='ltr'><strong>libellum</strong></span> <span class='ocrx_word' id='word_1_155' title='bbox 710 2562 1029 2628; x_wconf 85' lang='lat' dir='ltr'><strong>famosum</strong></span> <span class='ocrx_word' id='word_1_156' title='bbox 1088 2567 1153 2629; x_wconf 86' lang='lat' dir='ltr'><strong>in</strong></span> <span class='ocrx_word' id='word_1_157' title='bbox 1212 2565 1538 2631; x_wconf 88' lang='lat' dir='ltr'><strong>laesionem</strong></span> <span class='ocrx_word' id='word_1_158' title='bbox 1607 2566 1881 2629; x_wconf 88' lang='lat' dir='ltr'><strong>nominis</strong></span> <span class='ocrx_word' id='word_1_159' title='bbox 1941 2565 2068 2629; x_wconf 90' lang='lat' dir='ltr'><strong>mei</strong></span> <span class='ocrx_word' id='word_1_160' title='bbox 2125 2587 2201 2630; x_wconf 90' lang='lat' dir='ltr'><strong>ac</strong></span> <span class='ocrx_word' id='word_1_161' title='bbox 2257 2564 2518 2629; x_wconf 89' lang='lat' dir='ltr'><strong>honoris</strong></span> 
     </span>
     <span class='ocr_line' id='line_1_22' title="bbox 195 2664 2518 2746; baseline 0.001 -17"><span class='ocrx_word' id='word_1_162' title='bbox 195 2664 661 2732; x_wconf 85' lang='lat' dir='ltr'><strong>intolerabilem</strong></span> <span class='ocrx_word' id='word_1_163' title='bbox 696 2669 737 2733; x_wconf 73' lang='lat'><strong>2.</strong></span> <span class='ocrx_word' id='word_1_164' title='bbox 788 2668 974 2746; x_wconf 86' lang='lat' dir='ltr'><strong>Quod</strong></span> <span class='ocrx_word' id='word_1_165' title='bbox 1020 2670 1207 2734; x_wconf 86' lang='lat' dir='ltr'><strong>multi</strong></span> <span class='ocrx_word' id='word_1_166' title='bbox 1239 2677 1543 2736; x_wconf 86' lang='lat' dir='ltr'><strong>asserunt</strong></span> <span class='ocrx_word' id='word_1_167' title='bbox 1583 2670 1738 2734; x_wconf 88' lang='lat' dir='ltr'><strong>mihi</strong></span> <span class='ocrx_word' id='word_1_168' title='bbox 1783 2676 1998 2735; x_wconf 92' lang='lat' dir='ltr'><strong>ortum</strong></span> <span class='ocrx_word' id='word_1_169' title='bbox 2029 2668 2268 2733; x_wconf 85' lang='lat' dir='ltr'><strong>auxilio</strong></span> <span class='ocrx_word' id='word_1_170' title='bbox 2303 2668 2518 2733; x_wconf 85' lang='lat' dir='ltr'><strong>eximii</strong></span> 
     </span>
     <span class='ocr_line' id='line_1_23' title="bbox 193 2770 2519 2859; baseline 0.001 -26"><span class='ocrx_word' id='word_1_171' title='bbox 193 2770 485 2839; x_wconf 90' lang='lat' dir='ltr'><strong>Doctoris</strong></span> <span class='ocrx_word' id='word_1_172' title='bbox 532 2773 765 2838; x_wconf 86' lang='lat' dir='ltr'><strong>Jacobi</strong></span> <span class='ocrx_word' id='word_1_173' title='bbox 825 2775 1356 2841; x_wconf 86' lang='lat' dir='ltr'><strong>Hochstratensis</strong></span> <span class='ocrx_word' id='word_1_174' title='bbox 1390 2776 1433 2854; x_wconf 77' lang='lat'><strong>³,</strong></span> <span class='ocrx_word' id='word_1_175' title='bbox 1481 2775 1715 2859; x_wconf 82' lang='lat' dir='ltr'><strong>prioris</strong></span> <span class='ocrx_word' id='word_1_176' title='bbox 1761 2774 1977 2840; x_wconf 83' lang='lat' dir='ltr'><strong>vestri.</strong></span> <span class='ocrx_word' id='word_1_177' title='bbox 2088 2774 2300 2851; x_wconf 85' lang='lat' dir='ltr'><strong>Quare</strong></span> <span class='ocrx_word' id='word_1_178' title='bbox 2359 2772 2519 2837; x_wconf 91' lang='lat' dir='ltr'><strong>mihi</strong></span> 
     </span>
     <span class='ocr_line' id='line_1_24' title="bbox 194 2879 2516 2966; baseline -0 -24"><span class='ocrx_word' id='word_1_179' title='bbox 194 2879 475 2959; x_wconf 87' lang='lat' dir='ltr'><strong>quotidie</strong></span> <span class='ocrx_word' id='word_1_180' title='bbox 526 2879 909 2963; x_wconf 83' lang='lat' dir='ltr'><strong>exprobrari</strong></span> <span class='ocrx_word' id='word_1_181' title='bbox 957 2880 1149 2960; x_wconf 89' lang='lat' dir='ltr'><strong>solet,</strong></span> <span class='ocrx_word' id='word_1_182' title='bbox 1198 2882 1351 2966; x_wconf 87' lang='lat' dir='ltr'><strong>quia</strong></span> <span class='ocrx_word' id='word_1_183' title='bbox 1398 2902 1651 2965; x_wconf 90' lang='lat' dir='ltr'><strong>semper</strong></span> <span class='ocrx_word' id='word_1_184' title='bbox 1713 2879 1954 2945; x_wconf 90' lang='lat' dir='ltr'><strong>ordinis</strong></span> <span class='ocrx_word' id='word_1_185' title='bbox 2014 2879 2516 2962; x_wconf 67' lang='lat' dir='ltr'><strong>praedicatorum</strong></span> 
     </span>
     <span class='ocr_line' id='line_1_25' title="bbox 190 2984 2518 3068; baseline 0 -22"><span class='ocrx_word' id='word_1_186' title='bbox 190 2991 629 3068; x_wconf 84' lang='lat' dir='ltr'><strong>propugnator</strong></span> <span class='ocrx_word' id='word_1_187' title='bbox 661 2986 689 3025; x_wconf 79' lang='lat'><strong>⁴</strong></span> <span class='ocrx_word' id='word_1_188' title='bbox 749 2985 1013 3066; x_wconf 86' lang='lat' dir='ltr'><strong>fuerim,</strong></span> <span class='ocrx_word' id='word_1_189' title='bbox 1077 3008 1245 3053; x_wconf 89' lang='lat' dir='ltr'><strong>nunc</strong></span> <span class='ocrx_word' id='word_1_190' title='bbox 1300 3008 1467 3052; x_wconf 88' lang='lat' dir='ltr'><strong>nunc</strong></span> <span class='ocrx_word' id='word_1_191' title='bbox 1525 2986 1801 3051; x_wconf 91' lang='lat' dir='ltr'><strong>habeam</strong></span> <span class='ocrx_word' id='word_1_192' title='bbox 1855 2984 2221 3050; x_wconf 85' lang='lat' dir='ltr'><strong>mercedem</strong></span> <span class='ocrx_word' id='word_1_193' title='bbox 2287 3005 2518 3064; x_wconf 86' lang='lat' dir='ltr'><strong>meam,</strong></span> 
     </span>
     <span class='ocr_line' id='line_1_26' title="bbox 192 3086 2518 3176; baseline 0.003 -27"><span class='ocrx_word' id='word_1_194' title='bbox 192 3086 323 3165; x_wconf 91' lang='lat' dir='ltr'><strong>hoc,</strong></span> <span class='ocrx_word' id='word_1_195' title='bbox 389 3090 722 3173; x_wconf 90' lang='lat' dir='ltr'><strong>inquiunt,</strong></span> <span class='ocrx_word' id='word_1_196' title='bbox 780 3091 865 3155; x_wconf 90' lang='lat' dir='ltr'><strong>sit</strong></span> <span class='ocrx_word' id='word_1_197' title='bbox 918 3092 1223 3157; x_wconf 85' lang='lat' dir='ltr'><strong>salarium</strong></span> <span class='ocrx_word' id='word_1_198' title='bbox 1283 3092 1722 3158; x_wconf 88' lang='lat' dir='ltr'><strong>advocationis</strong></span> <span class='ocrx_word' id='word_1_199' title='bbox 1791 3112 1978 3171; x_wconf 86' lang='lat' dir='ltr'><strong>meae,</strong></span> <span class='ocrx_word' id='word_1_200' title='bbox 2037 3092 2146 3176; x_wconf 92' lang='lat' dir='ltr'><strong>qui</strong></span> <span class='ocrx_word' id='word_1_201' title='bbox 2209 3091 2518 3156; x_wconf 89' lang='lat' dir='ltr'><strong>hactenus</strong></span> 
     </span>
     <span class='ocr_line' id='line_1_27' title="bbox 195 3190 2520 3282; baseline 0.002 -26"><span class='ocrx_word' id='word_1_202' title='bbox 195 3190 589 3260; x_wconf 87' lang='lat' dir='ltr'><strong>defenderim</strong></span> <span class='ocrx_word' id='word_1_203' title='bbox 637 3196 1133 3275; x_wconf 64' lang='lat' dir='ltr'><strong>praedicatores,</strong></span> <span class='ocrx_word' id='word_1_204' title='bbox 1195 3203 1286 3277; x_wconf 91' lang='lat' dir='ltr'><strong>ut,</strong></span> <span class='ocrx_word' id='word_1_205' title='bbox 1352 3198 1656 3282; x_wconf 88' lang='lat' dir='ltr'><strong>quoniam</strong></span> <span class='ocrx_word' id='word_1_206' title='bbox 1716 3198 1894 3282; x_wconf 88' lang='lat' dir='ltr'><strong>juste</strong></span> <span class='ocrx_word' id='word_1_207' title='bbox 1954 3198 2130 3280; x_wconf 90' lang='lat' dir='ltr'><strong>passi</strong></span> <span class='ocrx_word' id='word_1_208' title='bbox 2187 3197 2317 3261; x_wconf 91' lang='lat' dir='ltr'><strong>sint</strong></span> <span class='ocrx_word' id='word_1_209' title='bbox 2373 3217 2520 3261; x_wconf 90' lang='lat' dir='ltr'><strong>con-</strong></span> 
     </span>
     <span class='ocr_line' id='line_1_28' title="bbox 197 3300 2519 3387; baseline 0.003 -27"><span class='ocrx_word' id='word_1_210' title='bbox 197 3300 545 3379; x_wconf 88' lang='lat' dir='ltr'><strong>tumeliam,</strong></span> <span class='ocrx_word' id='word_1_211' title='bbox 594 3322 711 3383; x_wconf 82' lang='lat' dir='ltr'><strong>ego</strong></span> <span class='ocrx_word' id='word_1_212' title='bbox 773 3307 952 3365; x_wconf 88' lang='lat' dir='ltr'><strong>recte</strong></span> <span class='ocrx_word' id='word_1_213' title='bbox 1018 3322 1274 3385; x_wconf 88' lang='lat' dir='ltr'><strong>quoque</strong></span> <span class='ocrx_word' id='word_1_214' title='bbox 1342 3303 1594 3385; x_wconf 84' lang='lat' dir='ltr'><strong>patiar,</strong></span> <span class='ocrx_word' id='word_1_215' title='bbox 1669 3304 1974 3387; x_wconf 85' lang='lat' dir='ltr'><strong>quatinus</strong></span> <span class='ocrx_word' id='word_1_216' title='bbox 2040 3323 2168 3367; x_wconf 90' lang='lat' dir='ltr'><strong>uno</strong></span> <span class='ocrx_word' id='word_1_217' title='bbox 2225 3303 2519 3367; x_wconf 88' lang='lat' dir='ltr'><strong>cruciatu</strong></span> 
     </span>
     <span class='ocr_line' id='line_1_29' title="bbox 191 3406 2517 3492; baseline 0.002 -24"><span class='ocrx_word' id='word_1_218' title='bbox 191 3410 254 3469; x_wconf 89' lang='lat' dir='ltr'><strong>et</strong></span> <span class='ocrx_word' id='word_1_219' title='bbox 298 3406 688 3471; x_wconf 86' lang='lat' dir='ltr'><strong>advocatum</strong></span> <span class='ocrx_word' id='word_1_220' title='bbox 734 3412 801 3471; x_wconf 85' lang='lat' dir='ltr'><strong>et</strong></span> <span class='ocrx_word' id='word_1_221' title='bbox 846 3407 1114 3471; x_wconf 83' lang='lat' dir='ltr'><strong>clientes</strong></span> <span class='ocrx_word' id='word_1_222' title='bbox 1160 3407 1429 3473; x_wconf 86' lang='lat' dir='ltr'><strong>infamia</strong></span> <span class='ocrx_word' id='word_1_223' title='bbox 1474 3414 1798 3492; x_wconf 87' lang='lat' dir='ltr'><strong>torqueat.</strong></span> <span class='ocrx_word' id='word_1_224' title='bbox 1891 3408 2046 3472; x_wconf 87' lang='lat' dir='ltr'><strong>Haec</strong></span> <span class='ocrx_word' id='word_1_225' title='bbox 2103 3415 2255 3472; x_wconf 89' lang='lat' dir='ltr'><strong>sunt</strong></span> <span class='ocrx_word' id='word_1_226' title='bbox 2290 3408 2517 3473; x_wconf 87' lang='lat' dir='ltr'><strong>·verba</strong></span> 
     </span>
     <span class='ocr_line' id='line_1_30' title="bbox 197 3511 2520 3596; baseline 0.002 -24"><span class='ocrx_word' id='word_1_227' title='bbox 197 3511 569 3577; x_wconf 87' lang='lat' dir='ltr'><strong>aemulorum</strong></span> <span class='ocrx_word' id='word_1_228' title='bbox 616 3518 983 3577; x_wconf 84' lang='lat' dir='ltr'><strong>vestrorum</strong></span> <span class='ocrx_word' id='word_1_229' title='bbox 1031 3534 1198 3596; x_wconf 86' lang='lat' dir='ltr'><strong>quae</strong></span> <span class='ocrx_word' id='word_1_230' title='bbox 1244 3512 1401 3577; x_wconf 89' lang='lat' dir='ltr'><strong>mihi</strong></span> <span class='ocrx_word' id='word_1_231' title='bbox 1463 3514 1617 3578; x_wconf 87' lang='lat' dir='ltr'><strong>licet</strong></span> <span class='ocrx_word' id='word_1_232' title='bbox 1663 3513 2006 3579; x_wconf 88' lang='lat' dir='ltr'><strong>liventibus</strong></span> <span class='ocrx_word' id='word_1_233' title='bbox 2054 3513 2256 3577; x_wconf 90' lang='lat' dir='ltr'><strong>oculis</strong></span> <span class='ocrx_word' id='word_1_234' title='bbox 2302 3519 2520 3578; x_wconf 83' lang='lat' dir='ltr'><strong>tamen</strong></span> 
     </span>
     <span class='ocr_line' id='line_1_31' title="bbox 192 3616 1291 3701; baseline 0.004 -23"><span class='ocrx_word' id='word_1_235' title='bbox 192 3616 675 3682; x_wconf 86' lang='lat' dir='ltr'><strong>subridentibus</strong></span> <span class='ocrx_word' id='word_1_236' title='bbox 723 3616 912 3696; x_wconf 77' lang='lat' dir='ltr'><strong>labiis</strong></span> <span class='ocrx_word' id='word_1_237' title='bbox 960 3617 1291 3701; x_wconf 84' lang='lat' dir='ltr'><strong>objiciunt.</strong></span> 
     </span>
     <span class='ocr_line' id='line_1_32' title="bbox 365 3674 2517 3808; baseline 0 -20"><span class='ocrx_word' id='word_1_238' title='bbox 365 3725 495 3807; x_wconf 87' lang='lat' dir='ltr'><strong>Ego</strong></span> <span class='ocrx_word' id='word_1_239' title='bbox 530 3744 681 3789; x_wconf 85' lang='lat' dir='ltr'><strong>vero</strong></span> <span class='ocrx_word' id='word_1_240' title='bbox 727 3745 829 3787; x_wconf 89' lang='lat' dir='ltr'><strong>me</strong></span> <span class='ocrx_word' id='word_1_241' title='bbox 862 3744 990 3787; x_wconf 90' lang='lat' dir='ltr'><strong>non</strong></span> <span class='ocrx_word' id='word_1_242' title='bbox 1018 3731 1257 3806; x_wconf 88' lang='lat' dir='ltr'><strong>putans</strong></span> <span class='ocrx_word' id='word_1_243' title='bbox 1286 3725 1592 3793; x_wconf 88' lang='lat' dir='ltr'><strong>infamem</strong></span> <span class='ocrx_word' id='word_1_244' title='bbox 1623 3724 1796 3808; x_wconf 92' lang='lat' dir='ltr'><strong>quod</strong></span> <span class='ocrx_word' id='word_1_245' title='bbox 1828 3674 1912 3790; x_wconf 82' lang='lat' dir='ltr'><strong>ab</strong></span> <span class='ocrx_word' id='word_1_246' title='bbox 1943 3722 2164 3788; x_wconf 88' lang='lat' dir='ltr'><strong>infami</strong></span> <span class='ocrx_word' id='word_1_247' title='bbox 2196 3721 2517 3788; x_wconf 89' lang='lat' dir='ltr'><strong>nebulone</strong></span> 
     </span>
     <span class='ocr_line' id='line_1_33' title="bbox 194 3826 2520 3913; baseline 0.001 -23"><span class='ocrx_word' id='word_1_248' title='bbox 194 3826 573 3909; x_wconf 81' lang='lat' dir='ltr'><strong>confundor,</strong></span> <span class='ocrx_word' id='word_1_249' title='bbox 638 3829 907 3895; x_wconf 87' lang='lat' dir='ltr'><strong>cuilibet</strong></span> <span class='ocrx_word' id='word_1_250' title='bbox 965 3829 1389 3912; x_wconf 88' lang='lat' dir='ltr'><strong>opprobranti</strong></span> <span class='ocrx_word' id='word_1_251' title='bbox 1452 3852 1708 3913; x_wconf 86' lang='lat' dir='ltr'><strong>semper</strong></span> <span class='ocrx_word' id='word_1_252' title='bbox 1767 3830 2160 3913; x_wconf 80' lang='lat' dir='ltr'><strong>responden,</strong></span> <span class='ocrx_word' id='word_1_253' title='bbox 2219 3850 2322 3893; x_wconf 91' lang='lat' dir='ltr'><strong>me</strong></span> <span class='ocrx_word' id='word_1_254' title='bbox 2390 3849 2520 3893; x_wconf 89' lang='lat' dir='ltr'><strong>non</strong></span> 
     </span>
     <span class='ocr_line' id='line_1_34' title="bbox 199 3932 2522 4020; baseline 0.002 -26"><span class='ocrx_word' id='word_1_255' title='bbox 199 3932 453 4000; x_wconf 86' lang='lat' dir='ltr'><strong>credere</strong></span> <span class='ocrx_word' id='word_1_256' title='bbox 502 3940 757 4000; x_wconf 88' lang='lat' dir='ltr'><strong>tantum</strong></span> <span class='ocrx_word' id='word_1_257' title='bbox 800 3934 1009 3999; x_wconf 84' lang='lat' dir='ltr'><strong>virum</strong></span> <span class='ocrx_word' id='word_1_258' title='bbox 1039 3935 1289 4020; x_wconf 89' lang='lat' dir='ltr'><strong>injuriis</strong></span> <span class='ocrx_word' id='word_1_259' title='bbox 1321 3934 1476 4000; x_wconf 89' lang='lat' dir='ltr'><strong>dare</strong></span> <span class='ocrx_word' id='word_1_260' title='bbox 1510 3956 1790 4018; x_wconf 85' lang='lat' dir='ltr'><strong>operam,</strong></span> <span class='ocrx_word' id='word_1_261' title='bbox 1839 3934 1945 4000; x_wconf 89' lang='lat' dir='ltr'><strong>cui</strong></span> <span class='ocrx_word' id='word_1_262' title='bbox 1975 3934 2311 4018; x_wconf 86' lang='lat' dir='ltr'><strong>replicant,</strong></span> <span class='ocrx_word' id='word_1_263' title='bbox 2344 3932 2522 4017; x_wconf 87' lang='lat' dir='ltr'><strong>quod</strong></span> 
     </span>
    </p>
   </div>
   <div class='ocr_carea' id='block_1_3' title="bbox 196 4036 2522 4556">
    <p class='ocr_par' dir='ltr' id='par_1_3' title="bbox 196 4036 2512 4125">
     <span class='ocr_line' id='line_1_35' title="bbox 196 4036 2512 4125; baseline 0.002 -26"><span class='ocrx_word' id='word_1_264' title='bbox 196 4036 453 4107; x_wconf 83' lang='lat' dir='ltr'><strong>Judaeus</strong></span> <span class='ocrx_word' id='word_1_265' title='bbox 508 4040 875 4125; x_wconf 89' lang='lat' dir='ltr'><strong>baptizatus</strong></span> <span class='ocrx_word' id='word_1_266' title='bbox 920 4040 1094 4107; x_wconf 90' lang='lat' dir='ltr'><strong>haud</strong></span> <span class='ocrx_word' id='word_1_267' title='bbox 1154 4040 1404 4106; x_wconf 88' lang='lat' dir='ltr'><strong>frustra</strong></span> <span class='ocrx_word' id='word_1_268' title='bbox 1460 4042 1862 4105; x_wconf 88' lang='lat' dir='ltr'><strong>nominatum</strong></span> <span class='ocrx_word' id='word_1_269' title='bbox 1909 4039 2242 4105; x_wconf 89' lang='lat' dir='ltr'><strong>doctorem</strong></span> <span class='ocrx_word' id='word_1_270' title='bbox 2301 4038 2512 4105; x_wconf 88' lang='lat' dir='ltr'><strong>Hoch-</strong></span> 
     </span>
    </p>

    <p class='ocr_par' dir='ltr' id='par_1_4' title="bbox 200 4170 2522 4556">
     <span class='ocr_line' id='line_1_36' title="bbox 344 4170 2520 4304; baseline 0 -21"><span class='ocrx_word' id='word_1_271' title='bbox 344 4239 363 4283; x_wconf 85' lang='lat'>1</span> <span class='ocrx_word' id='word_1_272' title='bbox 404 4235 727 4304; x_wconf 80' lang='lat' dir='ltr'><strong>Ciceronem]</strong></span> <span class='ocrx_word' id='word_1_273' title='bbox 776 4236 839 4289; x_wconf 91' lang='lat' dir='ltr'><strong>de</strong></span> <span class='ocrx_word' id='word_1_274' title='bbox 874 4236 1073 4289; x_wconf 81' lang='lat' dir='ltr'><strong>invent.</strong></span> <span class='ocrx_word' id='word_1_275' title='bbox 1112 4236 1136 4287; x_wconf 95' lang='lat'>1</span> <span class='ocrx_word' id='word_1_276' title='bbox 1174 4238 1261 4287; x_wconf 85' lang='lat'><strong>55.</strong></span> <span class='ocrx_word' id='word_1_277' title='bbox 1334 4170 1373 4207; x_wconf 67' lang='lat'><strong>⁴*</strong></span> <span class='ocrx_word' id='word_1_278' title='bbox 1408 4241 1455 4286; x_wconf 85' lang='lat'><strong>2.</strong></span> <span class='ocrx_word' id='word_1_279' title='bbox 1497 4232 1880 4300; x_wconf 84' lang='lat' dir='ltr'><strong>Handspiegel.</strong></span> <span class='ocrx_word' id='word_1_280' title='bbox 2026 4238 2054 4283; x_wconf 86' lang='lat'><strong>3</strong></span> <span class='ocrx_word' id='word_1_281' title='bbox 2100 4234 2218 4299; x_wconf 81' lang='lat' dir='ltr'><strong>Vgl.</strong></span> <span class='ocrx_word' id='word_1_282' title='bbox 2259 4234 2390 4283; x_wconf 83' lang='lat' dir='ltr'><strong>iiber</strong></span> <span class='ocrx_word' id='word_1_283' title='bbox 2428 4232 2520 4284; x_wconf 89' lang='lat' dir='ltr'><strong>ihn</strong></span> 
     </span>
     <span class='ocr_line' id='line_1_37' title="bbox 200 4317 2522 4389; baseline 0.001 -20"><span class='ocrx_word' id='word_1_284' title='bbox 200 4317 291 4369; x_wconf 76' lang='lat' dir='ltr'><strong>die</strong></span> <span class='ocrx_word' id='word_1_285' title='bbox 323 4324 496 4377; x_wconf 80' lang='lat' dir='ltr'><strong>schrift</strong></span> <span class='ocrx_word' id='word_1_286' title='bbox 534 4341 634 4376; x_wconf 86' lang='lat' dir='ltr'><strong>von</strong></span> <span class='ocrx_word' id='word_1_287' title='bbox 676 4326 743 4375; x_wconf 88' lang='lat' dir='ltr'><strong>H.</strong></span> <span class='ocrx_word' id='word_1_288' title='bbox 784 4326 1032 4376; x_wconf 79' lang='lat' dir='ltr'><strong>cremans</strong></span> <span class='ocrx_word' id='word_1_289' title='bbox 1070 4326 1218 4376; x_wconf 87' lang='lat' dir='ltr'><strong>Bonn</strong></span> <span class='ocrx_word' id='word_1_290' title='bbox 1264 4328 1413 4376; x_wconf 79' lang='lat'><strong>1869.</strong></span> <span class='ocrx_word' id='word_1_291' title='bbox 1560 4328 1592 4373; x_wconf 87' lang='lat'>4</span> <span class='ocrx_word' id='word_1_292' title='bbox 1634 4322 2016 4389; x_wconf 83' lang='lat' dir='ltr'><strong>Propugnator]</strong></span> <span class='ocrx_word' id='word_1_293' title='bbox 2055 4323 2159 4387; x_wconf 82' lang='lat' dir='ltr'><strong>vgl.</strong></span> <span class='ocrx_word' id='word_1_294' title='bbox 2201 4322 2522 4372; x_wconf 81' lang='lat' dir='ltr'><strong>namentlich</strong></span> 
     </span>
     <span class='ocr_line' id='line_1_38' title="bbox 201 4404 2520 4479; baseline 0.001 -21"><span class='ocrx_word' id='word_1_295' title='bbox 201 4404 295 4458; x_wconf 74' lang='lat' dir='ltr'><strong>(lie</strong></span> <span class='ocrx_word' id='word_1_296' title='bbox 336 4408 491 4463; x_wconf 77' lang='lat' dir='ltr'><strong>briefe</strong></span> <span class='ocrx_word' id='word_1_297' title='bbox 540 4414 632 4465; x_wconf 85' lang='lat' dir='ltr'><strong>des</strong></span> <span class='ocrx_word' id='word_1_298' title='bbox 684 4416 836 4465; x_wconf 84' lang='lat' dir='ltr'><strong>Peter</strong></span> <span class='ocrx_word' id='word_1_299' title='bbox 879 4414 1055 4479; x_wconf 80' lang='lat' dir='ltr'><strong>Siber,</strong></span> <span class='ocrx_word' id='word_1_300' title='bbox 1105 4416 1304 4466; x_wconf 85' lang='lat' dir='ltr'><strong>Lorenz</strong></span> <span class='ocrx_word' id='word_1_301' title='bbox 1346 4411 1628 4479; x_wconf 82' lang='lat' dir='ltr'><strong>Aufkirch‚</strong></span> <span class='ocrx_word' id='word_1_302' title='bbox 1667 4410 1898 4477; x_wconf 83' lang='lat' dir='ltr'><strong>Wigand</strong></span> <span class='ocrx_word' id='word_1_303' title='bbox 1948 4426 2068 4461; x_wconf 74' lang='lat' dir='ltr'><strong>vom</strong></span> <span class='ocrx_word' id='word_1_304' title='bbox 2108 4411 2150 4477; x_wconf 87' lang='lat' dir='ltr'><strong>j.</strong></span> <span class='ocrx_word' id='word_1_305' title='bbox 2193 4410 2327 4459; x_wconf 87' lang='lat'>1504</span> <span class='ocrx_word' id='word_1_306' title='bbox 2384 4408 2520 4461; x_wconf 79' lang='lat' dir='ltr'><strong>oben</strong></span> 
     </span>
     <span class='ocr_line' id='line_1_39' title="bbox 207 4498 748 4556; baseline 0.02 -12"><span class='ocrx_word' id='word_1_307' title='bbox 207 4508 319 4547; x_wconf 83' lang='lat' dir='ltr'><strong>nro.</strong></span> <span class='ocrx_word' id='word_1_308' title='bbox 350 4498 657 4553; x_wconf 86' lang='lat' dir='ltr'>LXXXVIII</span> <span class='ocrx_word' id='word_1_309' title='bbox 692 4502 748 4556; x_wconf 86' lang='lat' dir='ltr'><strong>ff.</strong></span> 
     </span>
    </p>
   </div>
  </div>
 </body>
</html>
