2950 5042
1601 415 1725 480 132

1521 604 1804 671 CXXV⁸.

633 708 915 775 Esslingen
940 712 973 762 ¹.
2339 712 2399 759 10
2437 710 2564 775 Apr.
2613 712 2767 761 1511.

479 822 533 899 J
536 848 812 897 oannes
875 823 1244 897 Reuchlin
1300 823 1738 897 Phorcensis
1792 821 2114 896 Nicolao
2164 820 2566 934 ⁴Ellenbog
2621 824 2702 899 S.
2763 825 2832 898 d.

666 969 932 1035 Accedit
993 970 1078 1035 ad
1154 977 1219 1036 te
1276 971 1771 1055 praesentiarum
1830 989 2123 1033 mearum
2185 969 2523 1035 literarum
2577 970 2838 1057 bajulus

489 1073 761 1139 hortatu
809 1096 951 1140 meo
1016 1074 1282 1141 Judaeus
1345 1083 1412 1140 et
1472 1096 1705 1158 genere
1767 1080 1833 1139 et
1889 1074 2186 1139 doctrina
2241 1096 2435 1159 quem
2499 1076 2619 1141 tibi
2678 1098 2840 1162 prae-

482 1170 641 1245 ficio'
674 1179 1126 1246 hebraicarum
1173 1181 1513 1246 literarum
1562 1180 1893 1245 doctorem
1925 1180 1981 1245 si
2013 1180 2170 1244 velis
2209 1188 2275 1245 et
2308 1186 2624 1265 quantum
2657 1182 2835 1247 velis.

486 1285 672 1364 Quod
730 1286 784 1349 si
839 1306 1040 1368 opera
1102 1291 1216 1351 tua
1270 1307 1431 1370 opus
1495 1285 1722 1365 fuerit,
1781 1291 1989 1350 utere.
2083 1283 2217 1349 Nec
2290 1287 2834 1352 contemnendum

486 1396 711 1474 putes,
779 1392 949 1476 quod
1008 1390 1293 1456 nondum
1355 1410 1709 1455 conversus
1757 1389 1843 1454 ad
1893 1395 2183 1455 nostram
2229 1389 2426 1455 fidem
2471 1397 2600 1469 est,
2649 1398 2834 1457 tanto

486 1496 657 1560 enim
703 1494 1044 1560 humanius
1090 1518 1131 1560 a
1176 1495 1362 1561 nobis
1409 1495 1798 1561 tractandus
1846 1495 2063 1574 fuerit,
2111 1500 2202 1576 ut,
2253 1494 2491 1561 nostris
2539 1497 2832 1561 moribus

489 1607 557 1664 et
603 1600 910 1683 operibus
955 1600 1141 1667 bonis
1185 1601 1510 1680 inductae,
1557 1600 1884 1665 alliciatur
1928 1600 2014 1666 ad
2057 1623 2125 1667 se
2173 1601 2681 1685 praeparandum
2713 1602 2831 1666 deo

489 1703 932 1771 habitandum.
1029 1705 1279 1770 Poterit
1324 1705 1522 1788 igitur
1570 1712 1634 1771 te
1681 1712 1957 1790 tuosque
2003 1708 2241 1772 fratres
2302 1707 2534 1771 docere
2585 1716 2828 1791 quanto

488 1815 781 1893 tempore
832 1810 1006 1875 voles
1054 1810 1228 1876 haud
1264 1809 1494 1877 ,multis
1544 1812 1839 1893 expensis
1887 1818 1953 1876 et
1999 1831 2162 1895 pene
2195 1810 2372 1875 nullo
2418 1832 2567 1875 cum
2613 1833 2824 1878 onere.

495 1912 651 1978 Vale
702 1938 780 1978 ex
828 1915 1203 1999 Esselingen
1254 1922 1292 1979 4
1339 1914 1488 1980 idus
1535 1916 1795 1999 Aprilis.

666 2018 843 2102 Rogo
906 2027 969 2084 te
1019 2042 1204 2097 vero,
1251 2027 1327 2085 ut
1372 2020 1426 2084 si
1475 2041 1551 2084 eo
1598 2021 1697 2084 uti
1753 2020 2068 2100 nolueris,
2139 2021 2557 2087 nihilominus
2615 2029 2809 2088 tamen

486 2122 767 2206 digneris
816 2124 875 2189 ei
918 2124 1395 2209 aliquantulum
1440 2124 1679 2208 peculii
1719 2126 1974 2190 nomine
2006 2126 2222 2191 viatici
2251 2126 2629 2191 humaniter
2663 2128 2812 2193 elar-

489 2228 629 2312 giri,
677 2225 753 2293 ut
798 2230 1048 2296 itineris
1094 2231 1178 2295 ad
1227 2238 1291 2295 te
1340 2230 1527 2295 labor
1574 2237 2045 2314 compensetur.

668 2339 811 2398 Msc.
848 2339 1137 2415 Ellenbog
1166 2340 1265 2398 lib.
1301 2340 1376 2415 11,
1410 2343 1578 2415 epist.
1617 2345 1672 2401 1.
1707 2338 1803 2402 fol.
1839 2344 1943 2399 89.

1521 2514 1803 2581 CXXVI.

629 2604 970 2655 Ottoheuren.
2310 2606 2374 2653 29
2415 2604 2556 2668 Aug.
2602 2607 2696 2655 151
2717 2610 2755 2653 1.

575 2700 835 2775 Frater
887 2699 962 2773 N
964 2699 1243 2773 icolaus
1298 2698 1677 2801 Ellenbog
1729 2700 1782 2773 J
1785 2699 2013 2773 oanni
2066 2699 2436 2775 Reuohlin
2491 2699 2568 2775 S.
2634 2700 2705 2773 d.

656 2823 980 2889 Constitui
1038 2830 1105 2889 te
1124 2872 1139 2903 ,
1215 2823 1499 2889 virorum
1575 2822 2033 2888 humanissime
2097 2823 2628 2906 doctissimeque,
2688 2823 2822 2907 jam
2917 2888 2919 2893 .

481 2929 732 2997 dudum
796 2928 1161 2995 debitorem
1241 2948 1473 2994 meum.
1587 2928 1656 2993 Si
1727 2928 1962 3012 quaeris
2042 2928 2344 3013 quando?
2423 2927 2637 2993 habeo
2713 2947 2819 3010 ego

486 3055 743 3117 semper
786 3034 1169 3099 memoriam
1216 3034 1314 3099 tui
1362 3033 1517 3099 dum
1563 3032 1730 3098 facio
1779 3034 2056 3097 missam.
2151 3031 2337 3110 Quod
2382 3032 2440 3097 si
2487 3053 2641 3115 ergo
2675 3053 2815 3096 non·
2913 3074 2915 3087 2

482 3137 643 3203 nihil
687 3160 729 3203 a
772 3145 839 3204 te
888 3138 1139 3223 petiero
1188 3144 1255 3204 te
1300 3138 1564 3221 dignum
1612 3144 1681 3203 et
1725 3139 1883 3203 mihi
1928 3138 2279 3203 admodum
2325 3144 2614 3219 gratum,
2670 3138 2809 3222 jure

483 3243 805 3327 denegare
852 3264 978 3308 non
1024 3242 1285 3309 valebis.
1379 3244 1566 3322 Quod
1612 3250 1833 3309 autem
1878 3264 1918 3309 a
1965 3248 2030 3308 te
2079 3249 2230 3325 peto
2279 3242 2408 3307 tale
2457 3250 2578 3307 est.

664 3348 907 3415 Scribis
951 3349 1015 3413 in
1064 3349 1347 3415 secundo
1378 3346 1546 3413 libro
1580 3349 1660 3414 de
1692 3348 1888 3415 verbo
1919 3347 2188 3412 mirifico
2223 3349 2247 3387 2
2293 3348 2374 3413 de
2409 3349 2590 3413 scala
2619 3348 2806 3414 Jacob

482 3460 551 3520 et
596 3454 1007 3538 septuaginta
1052 3453 1309 3520 duobus
1354 3454 1664 3537 gradibus
1713 3455 1853 3539 ejus
1901 3461 1968 3520 et
2013 3453 2291 3519 totidem
2319 3453 2568 3536 angelis
2600 3475 2805 3519 ascen-

481 3560 784 3626 dentibus
831 3565 899 3625 et
943 3559 1492 3625 descendentibus
1537 3560 1796 3625 scalam.
1889 3560 2098 3625 Velim
2140 3559 2364 3642 itaque
2398 3565 2467 3623 et
2499 3567 2808 3643 quantum

481 3686 746 3751 possum
806 3671 873 3730 te
920 3685 1075 3748 rogo
1123 3670 1191 3729 et
1236 3664 1535 3745 obsecr-0,
1583 3671 1660 3731 ut
1709 3670 1788 3731 72
1839 3664 2170 3747 signacula
2217 3684 2357 3748 quae
2422 3686 2502 3728 ex
2554 3670 2634 3729 72
2682 3685 2806 3728 ver·
2900 3700 2906 3727 ι

480 3771 662 3863 sibus
719 3768 1014 3855 psalterii
1075 3770 1465 3855 colliguntur
1510 3771 1667 3835 mihi
1713 3772 2020 3853 assignes.
2111 3770 2252 3835 Hoc
2299 3769 2352 3834 si
2398 3769 2634 3835 feceris
2677 3789 2804 3833 rem

479 3876 637 3941 mihi
680 3876 1029 3941 admodum
1074 3883 1326 3959 gratam
1371 3876 1591 3942 facies.
1666 3876 1800 3941 Nec
1847 3877 2005 3941 item
2034 3876 2230 3939 inerti
2262 3880 2329 3939 et
2355 3876 2542 3958 pigro
2576 3876 2804 3941 talento

475 3981 597 4049 hoc
652 3988 718 4047 te
774 3982 1168 4048 traditurum
1222 3987 1475 4065 putato.
1570 3981 1755 4047 Dabo
1821 3982 1991 4047 enim
2050 4001 2348 4064 operam,
2393 3992 2504 4046 .ut
2573 3980 2802 4047 nedum

472 4085 636 4153 illud
681 4108 809 4153 non
855 4085 1211 4167 suffodiam,
1258 4085 1376 4153 sed
1422 4091 1499 4152 ut
1543 4105 1691 4151 cnm
1735 4086 1982 4154 foenore
2025 4086 2189 4151 illud
2235 4084 2525 4151 reddam.
2617 4084 2801 4168 Cupio

623 4267 643 4313 1
690 4264 746 4313 R.
774 4262 967 4314 befand
1000 4263 1115 4313 sich
1151 4264 1265 4315 hier
1291 4202 1664 4314 vermuthlicff
1671 4266 1724 4313 in
1749 4262 2108 4330 forschuugen
2147 4263 2281 4313 nach
2308 4262 2696 4313 handschriften
2721 4259 2801 4308 des

474 4351 847 4417 Hieronymus,
873 4367 915 4403 s.
941 4366 987 4402 ο.
1015 4367 1128 4403 nro.
1156 4352 1396 4403 cxxm.
1456 4353 1595 4404 Dass
1621 4352 1877 4403 Reuchlin
1905 4352 2044 4403 noch
2069 4353 2124 4402 in
2151 4351 2456 4401 demselben
2478 4360 2654 4401 monat
2676 4346 2794 4397 nach

476 4439 791 4505 Reutlingen
825 4454 945 4491 zum
982 4439 1165 4491 kalser
1200 4440 1376 4503 reiste,
1417 4442 1490 4491 ist
1517 4440 1776 4491 Reuchlin
1815 4457 1859 4491 s.
1897 4444 1996 4491 246
2032 4441 2104 4506 fg.
2130 4441 2357 4506 gezeigt.
2472 4442 2501 4487 2
2542 4440 2620 4489 De
2656 4451 2700 4485 v.
2735 4448 2794 4482 m·

478 4526 581 4593 (ed.
609 4529 743 4578 1514
780 4542 811 4577 e
848 4529 879 4578 6
918 4528 1021 4596 ἕως
1056 4528 1141 4579 fiir
1166 4527 1259 4579 das
1296 4529 1367 4582 im
1404 4536 1518 4581 text
1543 4518 1790 4599 folgende
1829 4529 1942 4580 das.
1980 4530 2007 4578 f
2039 4530 2101 4578 5·
2129 4526 2236 4579 und
2260 4527 2398 4577 dea.
2427 4541 2470 4577 c.
2501 4526 2590 4577 fol.
2613 4522 2720 4574 LIX
2745 4519 2792 4569 ff-
