2950 5042
1326 424 1451 490 165

236 632 505 680 mearum
556 612 1077 681 imbecillitatem
1138 620 1208 682 et
1274 611 1488 682 laicus
1549 630 1737 694 sacra
1783 612 2039 683 librabo
2095 615 2271 703 quod
2327 616 2478 697 boni
2531 620 2554 661 ¹

242 718 577 787 consulatis
625 720 916 789 obsecro.

393 823 559 889 Nam
618 831 697 891 ut
756 825 1195 911 complaceam
1252 826 1620 893 venerando
1677 826 1876 893 coetui
1919 830 2136 893 vestro
2183 834 2251 893 et
2295 848 2560 896 exacer-

232 927 422 1009 batos,
468 929 525 995 si
570 930 687 1016 qui
734 932 881 1010 sint,
926 932 1338 999 reconciliem
1387 938 1455 999 et
1486 931 1873 997 nutantibus
1902 931 2230 1017 porrigam
2274 953 2554 1015 manum,

230 1039 289 1099 et
344 1033 628 1119 gladium
686 1057 813 1103 non
870 1036 1077 1104 sinam
1134 1038 1201 1104 in
1260 1038 1556 1117 vulnere,
1613 1036 1816 1104 statui
1853 1056 2126 1103 -mecum
2146 1088 2162 1119 ,
2233 1039 2318 1104 ad
2378 1039 2553 1124 quod

226 1144 408 1206 antea
450 1147 729 1226 paratus
775 1164 971 1224 eram,
1017 1150 1091 1209 ut
1135 1164 1253 1229 per
1300 1142 1644 1227 epistolam
1691 1140 1874 1209 vobis
1918 1142 2228 1227 patefeci,
2277 1164 2359 1210 ex
2403 1144 2546 1211 sola

175 1326 179 1331 Ι
226 1244 333 1309 Dei
388 1252 455 1311 et
512 1246 797 1332 proximi
849 1248 1191 1316 dilectione
1252 1270 1330 1315 ac
1376 1248 1546 1315 bono
1593 1248 1730 1314 zelo
1777 1252 2016 1314 nostres
2061 1248 2390 1333 religionis
2437 1250 2554 1315 de-

224 1350 603 1419 clarationes
662 1354 859 1419 etiam
912 1355 979 1419 in
1036 1353 1255 1439 lingua
1312 1352 1660 1420 vernacula
1705 1359 1774 1419 et
1817 1352 2070 1439 vulgari
2115 1376 2414 1422 sermone
2459 1356 2545 1421 ad

222 1457 537 1543 proximas
584 1458 909 1525 nundinas
954 1460 1570 1527 Francofordienses
1603 1458 1629 1499 ¹
1687 1458 1983 1525 omnibus
2045 1458 2348 1527 exhibere
2368 1510 2385 1540 ,
2444 1480 2555 1526 ve·

222 1568 379 1628 teres
435 1564 880 1646 extendend0‚
944 1571 1013 1632 et
1074 1565 1190 1632 ubi
1254 1587 1416 1650 opus
1462 1564 1661 1631 fuerit
1698 1564 2029 1650 jungendo
2073 1585 2304 1647 novas,
2373 1565 2550 1651 quod

220 1668 457 1752 pusillis
502 1668 834 1754 praebebit
862 1690 1087 1737 ansam
1122 1670 1148 1709 ³
1206 1670 1424 1737 standi
1472 1676 1540 1736 et
1581 1670 1914 1737 insidiosis
1959 1676 2158 1757 atque
2207 1670 2548 1738 malevolis

220 1773 460 1840 auferet
506 1774 949 1841 calumniandi
994 1776 1416 1857 occasionem,
1460 1796 1544 1841 ne
1588 1774 1690 1841 vel
1737 1780 1992 1843 mortuo
2039 1776 2212 1841 leoni
2259 1775 2532 1845 barbam

219 1878 448 1945 vellant
508 1880 615 1946 vel
666 1901 811 1946 cum
857 1882 999 1948 vivo
1061 1881 1516 1966 digladientur,
1576 1880 1642 1947 in
1689 1880 1902 1966 majus
1945 1879 2117 1967 vulgi
2163 1881 2545 1949 scandalum

222 1990 279 2049 et
322 1986 717 2072 evangelicae
766 1987 947 2073 pacis
992 1986 1340 2054 laesionem.

382 2091 575 2172 Quod
623 2099 840 2158 autem
888 2093 1143 2177 petitis,
1202 2098 1278 2159 ut
1321 2091 1556 2172 libelli,
1611 2092 1666 2157 si
1716 2086 1828 2178 qui
1873 2091 2002 2158 mei
2057 2092 2270 2161 adhuc
2319 2100 2544 2161 extent

218 2202 321 2263 aut
381 2197 605 2265 denuo
658 2198 987 2284 impressi,
1058 2220 1277 2266 curem
1346 2218 1429 2263 ne
1486 2198 1885 2279 vendantur,
1953 2199 2232 2283 primum
2293 2200 2548 2282 scitote,

221 2304 417 2371 nullos
480 2326 631 2371 esse
704 2304 915 2370 denuo
972 2304 1355 2389 impressos;
1414 2303 1648 2369 deinde
1701 2324 1882 2371 meos
1941 2324 2270 2389 nunquam
2329 2305 2550 2387 fuisse,

221 2409 325 2475 sed
376 2410 879 2495 impressorum,
941 2431 983 2476 a
1042 2410 1276 2497 quibus
1332 2409 1678 2476 duodenos·
1723 2430 1852 2475 esre
1907 2412 2174 2495 proprio
2219 2417 2546 2478 mercatus

220 2538 347 2582 sum
410 2523 487 2584 ut
546 2517 775 2583 amicis
823 2516 1150 2583 donarem.
1243 2517 1657 2599 Quapropter
1701 2516 1824 2581 hac
1867 2515 1932 2580 in
1980 2522 2173 2600 parte
2207 2514 2366 2581 mihi
2414 2538 2542 2582 non

221 2623 333 2688 erit
377 2622 721 2707 possibile,
776 2629 993 2689 vestro
1055 2628 1207 2688 voto
1262 2641 1510 2687 morem
1571 2642 1814 2705 gerere.
1907 2622 2138 2705 Itaque
2187 2621 2543 2705 dignemini

219 2726 381 2793 haud
402 2728 431 2769 ⁴¹
474 2728 755 2795 moleste
802 2728 993 2808 ferre,
1040 2728 1095 2793 si
1141 2726 1317 2812 quod
1362 2728 1620 2793 omnino
1666 2726 1923 2794 excedit
1969 2724 2317 2793 facultates
2348 2747 2546 2805 meas,

222 2832 391 2899 vobis
448 2854 585 2899 non
641 2838 946 2918 praestem
980 2833 1032 2913 ⁵,
1091 2833 1327 2918 quibus
1373 2832 1668 2917 profecto
1715 2852 2019 2916 cuperem
2067 2838 2302 2897 cuncta
2346 2830 2549 2915 grati-

219 2936 407 3004 ficari.
505 2938 836 3005 Foeliciter
899 2938 1129 3018 valete,
1170 2937 1602 3004 celeberrimi
1663 2938 1962 3005 doctores
2021 2942 2088 3003 et
2131 2943 2356 3023 patres
2405 2938 2550 3018 mei,

222 3044 446 3129 quibus
519 3044 931 3110 vehementer
982 3050 1137 3129 opto
1202 3050 1270 3109 et
1332 3044 1674 3130 desyderio
1723 3044 2069 3130 desydero,
2133 3066 2235 3109 me
2283 3044 2550 3110 tandem

223 3151 571 3237 aliquando
626 3152 694 3215 in
753 3151 1011 3217 nomine
1057 3151 1215 3219 Jesu
1263 3150 1507 3217 Christi
1569 3156 1636 3216 et
1682 3150 1747 3215 in
1800 3150 2018 3217 osculo
2065 3149 2244 3236 pacis
2291 3156 2547 3233 gratum

224 3257 351 3323 fore
400 3265 471 3323 et
520 3262 878 3341 acceptum.
971 3256 1363 3341 Stutgardiae
1413 3262 1449 3321 5
1499 3256 1595 3322 Id.
1653 3257 1928 3325 Martias
1978 3258 2162 3322 Anno
2216 3262 2403 3322 1512.

392 3368 721 3429 Gedruckt:
760 3372 788 3426 1
828 3388 913 3421 ==
943 3366 999 3427 J.
1033 3385 1087 3426 v.
1123 3384 1172 3427 e.
1206 3384 1255 3426 r.
1289 3362 1388 3425 iiib
1424 3370 1524 3441 4⁸3
1563 3370 1600 3426 2
1634 3385 1718 3423 =
1748 3366 1939 3427 Maius
1969 3367 2008 3426 l.
2040 3368 2079 3426 l.
2115 3386 2170 3442 p.
2209 3370 2338 3427 340
2370 3382 2453 3439 sq.

1258 3550 1535 3618 CXLIV.

362 3648 645 3711 stuttgart.
2047 3642 2104 3687 ll
2149 3638 2294 3687 Mars
2339 3637 2489 3687 1512.

232 3734 277 3809 J
280 3735 610 3809 ohannes
663 3729 1031 3807 Reuchlin
1082 3729 1522 3804 Phorcensis
1576 3728 1727 3802 LL.
1790 3727 2048 3803 doctor
2100 3726 2151 3799 f.
2211 3724 2560 3799 Cunrado

234 3857 496 3933 Kollin
553 3855 646 3931 de
700 3854 949 3949 Ulma,
1006 3853 1407 3952 theologiae
1459 3850 1888 3952 professori,
1947 3848 2224 3925 ordinis
2278 3846 2560 3922 Praedi-

799 3990 1154 4073 catorum,
1214 3975 1552 4051 Coloniae
1607 4000 1664 4047 s.
1724 3973 1796 4048 d.
1855 4002 1928 4075 p.
1955 3971 1987 4019 ⁶

408 4146 591 4213 Facit
647 4166 901 4211 summa
957 4142 1118 4210 fides
1185 4162 1382 4229 quam
1440 4141 1563 4208 tibi
1622 4140 1834 4207 habeo
1898 4138 2145 4206 amicus
2191 4138 2430 4219 amicO,
2487 4144 2566 4204 ut

244 4252 430 4317 etiam
474 4250 969 4319 dehortantibus
1014 4249 1160 4315 aliis
1205 4270 1405 4334 penes
1428 4244 1574 4327 hos,
1621 4253 1739 4313 tua
1773 4252 1992 4312 tamen
2025 4244 2295 4311 consilia
2325 4264 2563 4330 sequar

1380 4371 1416 4409 ,κ
1878 4359 1882 4363 .

381 4467 399 4511 1
442 4462 589 4513 Bono
617 4468 663 4513 2.
812 4466 841 4511 2
882 4460 1349 4512 F'rancofurtenses
1377 4464 1425 4510 2.
1575 4462 1604 4509 3
1645 4457 1860 4525 Ansam]
1896 4469 2110 4505 causam
2137 4458 2185 4507 2.
2319 4460 2350 4509 4
2390 4453 2564 4529 Haud]

251 4562 346 4609 non
382 4556 427 4603 2.
573 4551 604 4607 ὃ
645 4549 809 4607 Vobis
844 4555 1081 4621 praestem
1110 4549 1324 4607 minime
1366 4553 1411 4609 2.
1562 4549 1592 4611 6
1633 4544 1785 4611 Ohne
1822 4543 2098 4600 ausschrift
2136 4547 2184 4605 2,
