<?xml version="1.0" encoding="UTF-8"?>
<!DOCTYPE html PUBLIC "-//W3C//DTD XHTML 1.0 Transitional//EN"
    "http://www.w3.org/TR/xhtml1/DTD/xhtml1-transitional.dtd">
<html xmlns="http://www.w3.org/1999/xhtml" xml:lang="en" lang="en">
 <head>
  <title>
</title>
<meta http-equiv="Content-Type" content="text/html;charset=utf-8" />
  <meta name='ocr-system' content='tesseract 3.04.00' />
  <meta name='ocr-capabilities' content='ocr_page ocr_carea ocr_par ocr_line ocrx_word'/>
</head>
<body>
  <div class='ocr_page' id='page_1' title='image "./johannreuchlins00geiggoog/johannreuchlins00geiggoog_0126.png"; bbox 0 0 2950 5042; ppageno 0'>
   <div class='ocr_carea' id='block_1_1' title="bbox 1570 390 1697 459">
    <p class='ocr_par' dir='ltr' id='par_1_1' title="bbox 1570 390 1697 459">
     <span class='ocr_line' id='line_1_1' title="bbox 1570 390 1697 459; baseline 0 -1"><span class='ocrx_word' id='word_1_1' title='bbox 1570 390 1697 459; x_wconf 82' lang='lat'><strong>116</strong></span> 
     </span>
    </p>
   </div>
   <div class='ocr_carea' id='block_1_2' title="bbox 462 580 2778 3509">
    <p class='ocr_par' dir='ltr' id='par_1_2' title="bbox 462 580 2778 3509">
     <span class='ocr_line' id='line_1_2' title="bbox 462 580 2758 667; baseline -0.002 -14"><span class='ocrx_word' id='word_1_2' title='bbox 462 584 697 653; x_wconf 83' lang='lat' dir='ltr'><strong>tatoris</strong></span> <span class='ocrx_word' id='word_1_3' title='bbox 765 583 969 650; x_wconf 88' lang='lat' dir='ltr'><strong>officio</strong></span> <span class='ocrx_word' id='word_1_4' title='bbox 1024 580 1297 667; x_wconf 84' lang='lat' dir='ltr'><strong>fungens</strong></span> <span class='ocrx_word' id='word_1_5' title='bbox 1350 582 1568 649; x_wconf 83' lang='lat' dir='ltr'><strong>varias</strong></span> <span class='ocrx_word' id='word_1_6' title='bbox 1621 580 2054 649; x_wconf 88' lang='lat' dir='ltr'><strong>bibliothecas</strong></span> <span class='ocrx_word' id='word_1_7' title='bbox 2114 582 2256 666; x_wconf 86' lang='lat' dir='ltr'><strong>ejus</strong></span> <span class='ocrx_word' id='word_1_8' title='bbox 2299 582 2633 667; x_wconf 87' lang='lat' dir='ltr'><strong>praecipue</strong></span> <span class='ocrx_word' id='word_1_9' title='bbox 2673 605 2758 649; x_wconf 88' lang='lat' dir='ltr'><strong>re-</strong></span> 
     </span>
     <span class='ocr_line' id='line_1_3' title="bbox 463 686 2758 775; baseline -0.001 -19"><span class='ocrx_word' id='word_1_10' title='bbox 463 690 667 775; x_wconf 84' lang='lat' dir='ltr'><strong>gionis</strong></span> <span class='ocrx_word' id='word_1_11' title='bbox 691 739 707 769; x_wconf 90' lang='lat'><strong>,</strong></span> <span class='ocrx_word' id='word_1_12' title='bbox 776 690 888 755; x_wconf 90' lang='lat' dir='ltr'><strong>ubi</strong></span> <span class='ocrx_word' id='word_1_13' title='bbox 934 687 1108 755; x_wconf 87' lang='lat' dir='ltr'><strong>Cusa</strong></span> <span class='ocrx_word' id='word_1_14' title='bbox 1165 686 1377 753; x_wconf 91' lang='lat' dir='ltr'><strong>adhuc</strong></span> <span class='ocrx_word' id='word_1_15' title='bbox 1431 688 1499 753; x_wconf 89' lang='lat' dir='ltr'><strong>in</strong></span> <span class='ocrx_word' id='word_1_16' title='bbox 1553 687 1852 754; x_wconf 82' lang='lat' dir='ltr'><strong>humanis</strong></span> <span class='ocrx_word' id='word_1_17' title='bbox 1907 708 2106 771; x_wconf 85' lang='lat' dir='ltr'><strong>agens</strong></span> <span class='ocrx_word' id='word_1_18' title='bbox 2169 687 2471 773; x_wconf 83' lang='lat' dir='ltr'><strong>frequens</strong></span> <span class='ocrx_word' id='word_1_19' title='bbox 2539 690 2758 767; x_wconf 85' lang='lat' dir='ltr'><strong>fuisset,</strong></span> 
     </span>
     <span class='ocr_line' id='line_1_4' title="bbox 462 792 2756 881; baseline -0.002 -18"><span class='ocrx_word' id='word_1_20' title='bbox 462 816 632 881; x_wconf 78' lang='lat' dir='ltr'><strong>saepe</strong></span> <span class='ocrx_word' id='word_1_21' title='bbox 666 794 1101 880; x_wconf 78' lang='lat' dir='ltr'>perlustraret</span> <span class='ocrx_word' id='word_1_22' title='bbox 1128 799 1327 879; x_wconf 85' lang='lat' dir='ltr'><strong>atque</strong></span> <span class='ocrx_word' id='word_1_23' title='bbox 1358 799 1719 861; x_wconf 86' lang='lat' dir='ltr'><strong>axcuteret.</strong></span> <span class='ocrx_word' id='word_1_24' title='bbox 1793 794 1917 860; x_wconf 90' lang='lat' dir='ltr'><strong>Hic</strong></span> <span class='ocrx_word' id='word_1_25' title='bbox 1963 800 2184 859; x_wconf 86' lang='lat' dir='ltr'><strong>autem</strong></span> <span class='ocrx_word' id='word_1_26' title='bbox 2229 800 2468 878; x_wconf 84' lang='lat' dir='ltr'><strong>praeter</strong></span> <span class='ocrx_word' id='word_1_27' title='bbox 2495 792 2756 859; x_wconf 85' lang='lat' dir='ltr'><strong>libellum</strong></span> 
     </span>
     <span class='ocr_line' id='line_1_5' title="bbox 465 898 2760 984; baseline -0.001 -18"><span class='ocrx_word' id='word_1_28' title='bbox 465 901 547 967; x_wconf 86' lang='lat' dir='ltr'><strong>de</strong></span> <span class='ocrx_word' id='word_1_29' title='bbox 595 901 719 967; x_wconf 86' lang='lat' dir='ltr'><strong>deo</strong></span> <span class='ocrx_word' id='word_1_30' title='bbox 758 899 1143 967; x_wconf 88' lang='lat' dir='ltr'><strong>abscondito</strong></span> <span class='ocrx_word' id='word_1_31' title='bbox 1189 921 1381 984; x_wconf 91' lang='lat' dir='ltr'><strong>quem</strong></span> <span class='ocrx_word' id='word_1_32' title='bbox 1414 898 1624 983; x_wconf 84' lang='lat' dir='ltr'>pridie</span> <span class='ocrx_word' id='word_1_33' title='bbox 1659 900 2054 983; x_wconf 88' lang='lat' dir='ltr'><strong>exscriptum</strong></span> <span class='ocrx_word' id='word_1_34' title='bbox 2098 898 2308 965; x_wconf 87' lang='lat' dir='ltr'><strong>habeo</strong></span> <span class='ocrx_word' id='word_1_35' title='bbox 2354 906 2422 965; x_wconf 90' lang='lat' dir='ltr'><strong>et</strong></span> <span class='ocrx_word' id='word_1_36' title='bbox 2464 920 2760 965; x_wconf 87' lang='lat' dir='ltr'><strong>sermones</strong></span> 
     </span>
     <span class='ocr_line' id='line_1_6' title="bbox 462 1003 2757 1090; baseline -0.001 -19"><span class='ocrx_word' id='word_1_37' title='bbox 462 1005 622 1072; x_wconf 87' lang='lat' dir='ltr'><strong>nihil</strong></span> <span class='ocrx_word' id='word_1_38' title='bbox 678 1027 748 1072; x_wconf 86' lang='lat' dir='ltr'><strong>se</strong></span> <span class='ocrx_word' id='word_1_39' title='bbox 812 1005 1025 1071; x_wconf 84' lang='lat' dir='ltr'><strong>adhuc</strong></span> <span class='ocrx_word' id='word_1_40' title='bbox 1096 1006 1490 1089; x_wconf 89' lang='lat' dir='ltr'><strong>comperisse</strong></span> <span class='ocrx_word' id='word_1_41' title='bbox 1568 1003 1888 1071; x_wconf 85' lang='lat' dir='ltr'><strong>adfirmat.</strong></span> <span class='ocrx_word' id='word_1_42' title='bbox 1979 1006 2408 1071; x_wconf 79' lang='lat' dir='ltr'>Percontatus</span> <span class='ocrx_word' id='word_1_43' title='bbox 2466 1012 2757 1090; x_wconf 73' lang='lat' dir='ltr'><strong>praeterea</strong></span> 
     </span>
     <span class='ocr_line' id='line_1_7' title="bbox 466 1109 2764 1195; baseline -0.001 -18"><span class='ocrx_word' id='word_1_44' title='bbox 466 1133 609 1177; x_wconf 88' lang='lat' dir='ltr'><strong>sum</strong></span> <span class='ocrx_word' id='word_1_45' title='bbox 639 1132 680 1176; x_wconf 90' lang='lat' dir='ltr'><strong>a</strong></span> <span class='ocrx_word' id='word_1_46' title='bbox 710 1111 1027 1177; x_wconf 89' lang='lat' dir='ltr'><strong>Pelecano</strong></span> <span class='ocrx_word' id='word_1_47' title='bbox 1060 1109 1465 1177; x_wconf 88' lang='lat' dir='ltr'><strong>Rubeacensi</strong></span> <span class='ocrx_word' id='word_1_48' title='bbox 1502 1112 1544 1190; x_wconf 82' lang='lat'><strong>²,</strong></span> <span class='ocrx_word' id='word_1_49' title='bbox 1591 1110 1944 1177; x_wconf 80' lang='lat' dir='ltr'><strong>vidissetne</strong></span> <span class='ocrx_word' id='word_1_50' title='bbox 1975 1110 2232 1195; x_wconf 83' lang='lat' dir='ltr'><strong>uspiam</strong></span> <span class='ocrx_word' id='word_1_51' title='bbox 2265 1111 2396 1176; x_wconf 89' lang='lat' dir='ltr'><strong>tale</strong></span> <span class='ocrx_word' id='word_1_52' title='bbox 2443 1111 2764 1195; x_wconf 81' lang='lat' dir='ltr'><strong>quippiam,</strong></span> 
     </span>
     <span class='ocr_line' id='line_1_8' title="bbox 470 1216 2766 1302; baseline -0.002 -19"><span class='ocrx_word' id='word_1_53' title='bbox 470 1216 697 1283; x_wconf 88' lang='lat' dir='ltr'><strong>retulit</strong></span> <span class='ocrx_word' id='word_1_54' title='bbox 724 1216 800 1297; x_wconf 89' lang='lat' dir='ltr'><strong>is,</strong></span> <span class='ocrx_word' id='word_1_55' title='bbox 848 1222 913 1282; x_wconf 84' lang='lat' dir='ltr'><strong>te</strong></span> <span class='ocrx_word' id='word_1_56' title='bbox 946 1216 1153 1281; x_wconf 88' lang='lat' dir='ltr'><strong>multa</strong></span> <span class='ocrx_word' id='word_1_57' title='bbox 1182 1216 1445 1296; x_wconf 87' lang='lat' dir='ltr'><strong>habere,</strong></span> <span class='ocrx_word' id='word_1_58' title='bbox 1495 1237 1638 1301; x_wconf 85' lang='lat' dir='ltr'><strong>quae</strong></span> <span class='ocrx_word' id='word_1_59' title='bbox 1671 1216 1844 1282; x_wconf 86' lang='lat' dir='ltr'><strong>Cusa</strong></span> <span class='ocrx_word' id='word_1_60' title='bbox 1876 1218 2366 1302; x_wconf 78' lang='lat' dir='ltr'><strong>composuisset,</strong></span> <span class='ocrx_word' id='word_1_61' title='bbox 2413 1216 2531 1283; x_wconf 91' lang='lat' dir='ltr'><strong>sed</strong></span> <span class='ocrx_word' id='word_1_62' title='bbox 2571 1216 2766 1301; x_wconf 83' lang='lat' dir='ltr'><strong>paucis</strong></span> 
     </span>
     <span class='ocr_line' id='line_1_9' title="bbox 466 1322 2764 1406; baseline -0.001 -19"><span class='ocrx_word' id='word_1_63' title='bbox 466 1342 545 1389; x_wconf 86' lang='lat' dir='ltr'><strong>ea</strong></span> <span class='ocrx_word' id='word_1_64' title='bbox 590 1322 1085 1400; x_wconf 88' lang='lat' dir='ltr'><strong>communicare,</strong></span> <span class='ocrx_word' id='word_1_65' title='bbox 1131 1322 1369 1406; x_wconf 89' lang='lat' dir='ltr'><strong>quippe</strong></span> <span class='ocrx_word' id='word_1_66' title='bbox 1418 1343 1586 1406; x_wconf 88' lang='lat' dir='ltr'><strong>quae</strong></span> <span class='ocrx_word' id='word_1_67' title='bbox 1628 1322 1806 1405; x_wconf 89' lang='lat' dir='ltr'><strong>apud</strong></span> <span class='ocrx_word' id='word_1_68' title='bbox 1835 1327 1902 1388; x_wconf 88' lang='lat' dir='ltr'><strong>te</strong></span> <span class='ocrx_word' id='word_1_69' title='bbox 1935 1329 2154 1388; x_wconf 79' lang='lat' dir='ltr'><strong>essent</strong></span> <span class='ocrx_word' id='word_1_70' title='bbox 2198 1322 2264 1387; x_wconf 89' lang='lat' dir='ltr'><strong>in</strong></span> <span class='ocrx_word' id='word_1_71' title='bbox 2293 1343 2527 1406; x_wconf 84' lang='lat' dir='ltr'><strong>magno</strong></span> <span class='ocrx_word' id='word_1_72' title='bbox 2555 1322 2764 1406; x_wconf 87' lang='lat' dir='ltr'><strong>precio.</strong></span> 
     </span>
     <span class='ocr_line' id='line_1_10' title="bbox 466 1424 2766 1513; baseline -0.001 -20"><span class='ocrx_word' id='word_1_73' title='bbox 466 1424 863 1511; x_wconf 82' lang='lat' dir='ltr'><strong>Significavit</strong></span> <span class='ocrx_word' id='word_1_74' title='bbox 906 1426 1063 1493; x_wconf 89' lang='lat' dir='ltr'><strong>mihi</strong></span> <span class='ocrx_word' id='word_1_75' title='bbox 1107 1424 1229 1493; x_wconf 90' lang='lat' dir='ltr'><strong>hoc</strong></span> <span class='ocrx_word' id='word_1_76' title='bbox 1275 1427 1445 1492; x_wconf 89' lang='lat' dir='ltr'><strong>idem</strong></span> <span class='ocrx_word' id='word_1_77' title='bbox 1495 1427 1815 1493; x_wconf 88' lang='lat' dir='ltr'><strong>Ruschius</strong></span> <span class='ocrx_word' id='word_1_78' title='bbox 1845 1428 2298 1495; x_wconf 79' lang='lat' dir='ltr'><strong>cartusiensis.</strong></span> <span class='ocrx_word' id='word_1_79' title='bbox 2361 1427 2545 1513; x_wconf 77' lang='lat' dir='ltr'><strong>Coepi</strong></span> <span class='ocrx_word' id='word_1_80' title='bbox 2573 1428 2766 1511; x_wconf 86' lang='lat' dir='ltr'><strong>itaque</strong></span> 
     </span>
     <span class='ocr_line' id='line_1_11' title="bbox 466 1532 2768 1618; baseline 0 -21"><span class='ocrx_word' id='word_1_81' title='bbox 466 1532 902 1598; x_wconf 85' lang='lat' dir='ltr'><strong>eruditissime</strong></span> <span class='ocrx_word' id='word_1_82' title='bbox 948 1533 1075 1613; x_wconf 80' lang='lat' dir='ltr'><strong>vir,</strong></span> <span class='ocrx_word' id='word_1_83' title='bbox 1138 1532 1369 1598; x_wconf 84' lang='lat' dir='ltr'><strong>exinde</strong></span> <span class='ocrx_word' id='word_1_84' title='bbox 1416 1534 1702 1617; x_wconf 84' lang='lat' dir='ltr'><strong>cogitare</strong></span> <span class='ocrx_word' id='word_1_85' title='bbox 1721 1583 1738 1613; x_wconf 87' lang='lat'><strong>,</strong></span> <span class='ocrx_word' id='word_1_86' title='bbox 1800 1555 1928 1618; x_wconf 85' lang='lat' dir='ltr'><strong>qno</strong></span> <span class='ocrx_word' id='word_1_87' title='bbox 1973 1539 2166 1617; x_wconf 90' lang='lat' dir='ltr'><strong>pacto</strong></span> <span class='ocrx_word' id='word_1_88' title='bbox 2211 1554 2358 1601; x_wconf 88' lang='lat' dir='ltr'><strong>mea</strong></span> <span class='ocrx_word' id='word_1_89' title='bbox 2403 1554 2603 1617; x_wconf 88' lang='lat' dir='ltr'><strong>opera</strong></span> <span class='ocrx_word' id='word_1_90' title='bbox 2643 1553 2768 1617; x_wconf 87' lang='lat' dir='ltr'><strong>par-</strong></span> 
     </span>
     <span class='ocr_line' id='line_1_12' title="bbox 465 1636 2765 1722; baseline -0.001 -19"><span class='ocrx_word' id='word_1_91' title='bbox 465 1636 672 1721; x_wconf 83' lang='lat' dir='ltr'><strong>ticeps</strong></span> <span class='ocrx_word' id='word_1_92' title='bbox 720 1636 1071 1704; x_wconf 89' lang='lat' dir='ltr'><strong>eorundem</strong></span> <span class='ocrx_word' id='word_1_93' title='bbox 1115 1636 1484 1705; x_wconf 87' lang='lat' dir='ltr'><strong>libellorum</strong></span> <span class='ocrx_word' id='word_1_94' title='bbox 1531 1639 1744 1708; x_wconf 84' lang='lat' dir='ltr'><strong>Faber</strong></span> <span class='ocrx_word' id='word_1_95' title='bbox 1791 1639 2169 1705; x_wconf 84' lang='lat' dir='ltr'><strong>efficeretur.</strong></span> <span class='ocrx_word' id='word_1_96' title='bbox 2262 1640 2346 1705; x_wconf 84' lang='lat' dir='ltr'><strong>Et</strong></span> <span class='ocrx_word' id='word_1_97' title='bbox 2389 1639 2600 1722; x_wconf 91' lang='lat' dir='ltr'><strong>primo</strong></span> <span class='ocrx_word' id='word_1_98' title='bbox 2643 1658 2765 1703; x_wconf 90' lang='lat' dir='ltr'><strong>cum</strong></span> 
     </span>
     <span class='ocr_line' id='line_1_13' title="bbox 470 1741 2766 1829; baseline -0 -21"><span class='ocrx_word' id='word_1_99' title='bbox 470 1741 553 1809; x_wconf 88' lang='lat' dir='ltr'><strong>de</strong></span> <span class='ocrx_word' id='word_1_100' title='bbox 610 1744 921 1829; x_wconf 84' lang='lat' dir='ltr'><strong>parandis</strong></span> <span class='ocrx_word' id='word_1_101' title='bbox 982 1743 1068 1810; x_wconf 90' lang='lat' dir='ltr'><strong>ad</strong></span> <span class='ocrx_word' id='word_1_102' title='bbox 1122 1750 1188 1811; x_wconf 84' lang='lat' dir='ltr'><strong>te</strong></span> <span class='ocrx_word' id='word_1_103' title='bbox 1252 1744 1459 1811; x_wconf 87' lang='lat' dir='ltr'><strong>literis</strong></span> <span class='ocrx_word' id='word_1_104' title='bbox 1521 1744 1860 1811; x_wconf 87' lang='lat' dir='ltr'><strong>consilium</strong></span> <span class='ocrx_word' id='word_1_105' title='bbox 1936 1744 2222 1811; x_wconf 89' lang='lat' dir='ltr'><strong>iniissem</strong></span> <span class='ocrx_word' id='word_1_106' title='bbox 2279 1750 2348 1810; x_wconf 89' lang='lat' dir='ltr'><strong>et</strong></span> <span class='ocrx_word' id='word_1_107' title='bbox 2413 1765 2521 1811; x_wconf 91' lang='lat' dir='ltr'><strong>me</strong></span> <span class='ocrx_word' id='word_1_108' title='bbox 2580 1744 2766 1827; x_wconf 86' lang='lat' dir='ltr'><strong>ipsum</strong></span> 
     </span>
     <span class='ocr_line' id='line_1_14' title="bbox 468 1849 2766 1933; baseline -0.001 -18"><span class='ocrx_word' id='word_1_109' title='bbox 468 1849 861 1933; x_wconf 84' lang='lat' dir='ltr'><strong>aspicerem,</strong></span> <span class='ocrx_word' id='word_1_110' title='bbox 916 1849 1163 1915; x_wconf 85' lang='lat' dir='ltr'><strong>frustra</strong></span> <span class='ocrx_word' id='word_1_111' title='bbox 1209 1871 1311 1915; x_wconf 92' lang='lat' dir='ltr'><strong>me</strong></span> <span class='ocrx_word' id='word_1_112' title='bbox 1358 1856 1704 1915; x_wconf 86' lang='lat' dir='ltr'><strong>canturum</strong></span> <span class='ocrx_word' id='word_1_113' title='bbox 1751 1870 1892 1916; x_wconf 85' lang='lat' dir='ltr'><strong>esse</strong></span> <span class='ocrx_word' id='word_1_114' title='bbox 1939 1849 2368 1930; x_wconf 86' lang='lat' dir='ltr'><strong>subverebar,</strong></span> <span class='ocrx_word' id='word_1_115' title='bbox 2414 1870 2593 1931; x_wconf 84' lang='lat' dir='ltr'><strong>mox,</strong></span> <span class='ocrx_word' id='word_1_116' title='bbox 2647 1870 2766 1915; x_wconf 92' lang='lat' dir='ltr'><strong>cum</strong></span> 
     </span>
     <span class='ocr_line' id='line_1_15' title="bbox 468 1953 2766 2039; baseline -0.001 -20"><span class='ocrx_word' id='word_1_117' title='bbox 468 1953 785 2033; x_wconf 89' lang='lat' dir='ltr'><strong>Fabrum,</strong></span> <span class='ocrx_word' id='word_1_118' title='bbox 850 1954 953 2020; x_wconf 89' lang='lat' dir='ltr'><strong>cui</strong></span> <span class='ocrx_word' id='word_1_119' title='bbox 1000 1954 1137 2021; x_wconf 87' lang='lat' dir='ltr'><strong>haec</strong></span> <span class='ocrx_word' id='word_1_120' title='bbox 1182 1956 1356 2021; x_wconf 86' lang='lat' dir='ltr'><strong>mitti</strong></span> <span class='ocrx_word' id='word_1_121' title='bbox 1402 1956 1748 2036; x_wconf 88' lang='lat' dir='ltr'><strong>deberent,</strong></span> <span class='ocrx_word' id='word_1_122' title='bbox 1805 1962 1874 2022; x_wconf 85' lang='lat' dir='ltr'><strong>et</strong></span> <span class='ocrx_word' id='word_1_123' title='bbox 1933 1957 2038 2021; x_wconf 91' lang='lat' dir='ltr'><strong>cui</strong></span> <span class='ocrx_word' id='word_1_124' title='bbox 2092 1956 2196 2021; x_wconf 85' lang='lat' dir='ltr'><strong>vix</strong></span> <span class='ocrx_word' id='word_1_125' title='bbox 2252 1955 2478 2038; x_wconf 87' lang='lat' dir='ltr'><strong>negari</strong></span> <span class='ocrx_word' id='word_1_126' title='bbox 2531 1958 2766 2039; x_wconf 82' lang='lat' dir='ltr'><strong>possent</strong></span> 
     </span>
     <span class='ocr_line' id='line_1_16' title="bbox 470 2059 2766 2145; baseline -0 -21"><span class='ocrx_word' id='word_1_127' title='bbox 470 2059 967 2143; x_wconf 79' lang='lat' dir='ltr'><strong>consyderarem</strong></span> <span class='ocrx_word' id='word_1_128' title='bbox 986 2110 1003 2139; x_wconf 90' lang='lat'><strong>,</strong></span> <span class='ocrx_word' id='word_1_129' title='bbox 1062 2060 1315 2128; x_wconf 86' lang='lat' dir='ltr'><strong>animus</strong></span> <span class='ocrx_word' id='word_1_130' title='bbox 1360 2060 1516 2125; x_wconf 89' lang='lat' dir='ltr'><strong>mihi</strong></span> <span class='ocrx_word' id='word_1_131' title='bbox 1559 2060 1838 2127; x_wconf 87' lang='lat' dir='ltr'><strong>fidenter</strong></span> <span class='ocrx_word' id='word_1_132' title='bbox 1881 2061 2148 2145; x_wconf 90' lang='lat' dir='ltr'><strong>petendi</strong></span> <span class='ocrx_word' id='word_1_133' title='bbox 2201 2060 2394 2126; x_wconf 86' lang='lat' dir='ltr'><strong>datus</strong></span> <span class='ocrx_word' id='word_1_134' title='bbox 2439 2067 2564 2127; x_wconf 89' lang='lat' dir='ltr'><strong>est.</strong></span> <span class='ocrx_word' id='word_1_135' title='bbox 2650 2060 2766 2125; x_wconf 84' lang='lat' dir='ltr'><strong>Non</strong></span> 
     </span>
     <span class='ocr_line' id='line_1_17' title="bbox 470 2165 2766 2251; baseline -0.001 -21"><span class='ocrx_word' id='word_1_136' title='bbox 470 2165 640 2230; x_wconf 89' lang='lat' dir='ltr'><strong>enim</strong></span> <span class='ocrx_word' id='word_1_137' title='bbox 692 2170 880 2231; x_wconf 85' lang='lat' dir='ltr'><strong>tanto</strong></span> <span class='ocrx_word' id='word_1_138' title='bbox 924 2166 1063 2231; x_wconf 83' lang='lat' dir='ltr'><strong>viro</strong></span> <span class='ocrx_word' id='word_1_139' title='bbox 1110 2168 1223 2251; x_wconf 88' lang='lat' dir='ltr'><strong>qni</strong></span> <span class='ocrx_word' id='word_1_140' title='bbox 1270 2172 1337 2232; x_wconf 90' lang='lat' dir='ltr'><strong>te</strong></span> <span class='ocrx_word' id='word_1_141' title='bbox 1382 2173 1451 2233; x_wconf 88' lang='lat' dir='ltr'><strong>et</strong></span> <span class='ocrx_word' id='word_1_142' title='bbox 1497 2174 1610 2233; x_wconf 84' lang='lat' dir='ltr'><strong>tua</strong></span> <span class='ocrx_word' id='word_1_143' title='bbox 1651 2167 1864 2232; x_wconf 88' lang='lat' dir='ltr'><strong>omnia</strong></span> <span class='ocrx_word' id='word_1_144' title='bbox 1894 2168 2127 2231; x_wconf 87' lang='lat' dir='ltr'><strong>mirum</strong></span> <span class='ocrx_word' id='word_1_145' title='bbox 2157 2166 2223 2230; x_wconf 91' lang='lat' dir='ltr'><strong>in</strong></span> <span class='ocrx_word' id='word_1_146' title='bbox 2253 2166 2521 2232; x_wconf 88' lang='lat' dir='ltr'><strong>modum</strong></span> <span class='ocrx_word' id='word_1_147' title='bbox 2552 2165 2766 2241; x_wconf 84' lang='lat' dir='ltr'><strong>laudat,</strong></span> 
     </span>
     <span class='ocr_line' id='line_1_18' title="bbox 470 2270 2768 2362; baseline -0 -27"><span class='ocrx_word' id='word_1_148' title='bbox 470 2270 760 2351; x_wconf 82' lang='lat' dir='ltr'><strong>extollit,</strong></span> <span class='ocrx_word' id='word_1_149' title='bbox 806 2270 1197 2362; x_wconf 17' lang='lat' dir='ltr'><strong>magnifacit,</strong></span> <span class='ocrx_word' id='word_1_150' title='bbox 1224 2278 1293 2338; x_wconf 91' lang='lat' dir='ltr'><strong>te</strong></span> <span class='ocrx_word' id='word_1_151' title='bbox 1338 2294 1466 2338; x_wconf 87' lang='lat' dir='ltr'><strong>non</strong></span> <span class='ocrx_word' id='word_1_152' title='bbox 1514 2273 2029 2358; x_wconf 83' lang='lat' dir='ltr'><strong>obsequuturum</strong></span> <span class='ocrx_word' id='word_1_153' title='bbox 2075 2271 2265 2339; x_wconf 86' lang='lat' dir='ltr'><strong>facile</strong></span> <span class='ocrx_word' id='word_1_154' title='bbox 2323 2293 2613 2358; x_wconf 88' lang='lat' dir='ltr'><strong>unquam</strong></span> <span class='ocrx_word' id='word_1_155' title='bbox 2657 2291 2768 2335; x_wconf 87' lang='lat' dir='ltr'><strong>cre·</strong></span> 
     </span>
     <span class='ocr_line' id='line_1_19' title="bbox 473 2374 2771 2463; baseline -0 -23"><span class='ocrx_word' id='word_1_156' title='bbox 473 2374 765 2442; x_wconf 89' lang='lat' dir='ltr'><strong>diderim.</strong></span> <span class='ocrx_word' id='word_1_157' title='bbox 827 2377 952 2455; x_wconf 86' lang='lat' dir='ltr'><strong>Qui</strong></span> <span class='ocrx_word' id='word_1_158' title='bbox 998 2378 1079 2443; x_wconf 89' lang='lat' dir='ltr'><strong>de</strong></span> <span class='ocrx_word' id='word_1_159' title='bbox 1108 2384 1175 2444; x_wconf 85' lang='lat' dir='ltr'><strong>te</strong></span> <span class='ocrx_word' id='word_1_160' title='bbox 1206 2379 1272 2443; x_wconf 92' lang='lat' dir='ltr'><strong>in</strong></span> <span class='ocrx_word' id='word_1_161' title='bbox 1305 2378 1696 2463; x_wconf 89' lang='lat' dir='ltr'><strong>quincuplici</strong></span> <span class='ocrx_word' id='word_1_162' title='bbox 1728 2377 1754 2416; x_wconf 78' lang='lat'>²</span> <span class='ocrx_word' id='word_1_163' title='bbox 1799 2378 2109 2463; x_wconf 83' lang='lat' dir='ltr'><strong>psalterio</strong></span> <span class='ocrx_word' id='word_1_164' title='bbox 2140 2378 2344 2463; x_wconf 93' lang='lat' dir='ltr'><strong>(quod</strong></span> <span class='ocrx_word' id='word_1_165' title='bbox 2373 2379 2463 2443; x_wconf 90' lang='lat' dir='ltr'><strong>ad</strong></span> <span class='ocrx_word' id='word_1_166' title='bbox 2511 2374 2771 2444; x_wconf 78' lang='lat' dir='ltr'><strong>hebraici</strong></span> 
     </span>
     <span class='ocr_line' id='line_1_20' title="bbox 472 2482 2772 2569; baseline -0.001 -22"><span class='ocrx_word' id='word_1_167' title='bbox 472 2486 541 2547; x_wconf 93' lang='lat' dir='ltr'><strong>et</strong></span> <span class='ocrx_word' id='word_1_168' title='bbox 558 2482 747 2566; x_wconf 77' lang='lat' dir='ltr'><strong>graeci</strong></span> <span class='ocrx_word' id='word_1_169' title='bbox 770 2482 1159 2567; x_wconf 85' lang='lat' dir='ltr'><strong>exemplaris</strong></span> <span class='ocrx_word' id='word_1_170' title='bbox 1191 2483 1614 2569; x_wconf 85' lang='lat' dir='ltr'><strong>archetypum</strong></span> <span class='ocrx_word' id='word_1_171' title='bbox 1640 2484 1979 2551; x_wconf 85' lang='lat' dir='ltr'><strong>veritatem</strong></span> <span class='ocrx_word' id='word_1_172' title='bbox 1999 2483 2370 2549; x_wconf 87' lang='lat' dir='ltr'><strong>fidelissime</strong></span> <span class='ocrx_word' id='word_1_173' title='bbox 2393 2482 2772 2569; x_wconf 85' lang='lat' dir='ltr'><strong>recognitum</strong></span> 
     </span>
     <span class='ocr_line' id='line_1_21' title="bbox 472 2583 2772 2675; baseline -0 -24"><span class='ocrx_word' id='word_1_174' title='bbox 472 2591 541 2651; x_wconf 91' lang='lat' dir='ltr'><strong>et</strong></span> <span class='ocrx_word' id='word_1_175' title='bbox 569 2588 1039 2655; x_wconf 83' lang='lat' dir='ltr'><strong>venustissimis</strong></span> <span class='ocrx_word' id='word_1_176' title='bbox 1076 2588 1245 2655; x_wconf 89' lang='lat' dir='ltr'><strong>notis</strong></span> <span class='ocrx_word' id='word_1_177' title='bbox 1280 2588 1716 2671; x_wconf 86' lang='lat' dir='ltr'><strong>informatum,</strong></span> <span class='ocrx_word' id='word_1_178' title='bbox 1758 2589 1914 2654; x_wconf 89' lang='lat' dir='ltr'><strong>mibi</strong></span> <span class='ocrx_word' id='word_1_179' title='bbox 1943 2590 2277 2675; x_wconf 89' lang='lat' dir='ltr'><strong>nuperime</strong></span> <span class='ocrx_word' id='word_1_180' title='bbox 2309 2590 2565 2657; x_wconf 90' lang='lat' dir='ltr'><strong>muneri</strong></span> <span class='ocrx_word' id='word_1_181' title='bbox 2593 2583 2772 2671; x_wconf 83' lang='lat' dir='ltr'><strong>misit)</strong></span> 
     </span>
     <span class='ocr_line' id='line_1_22' title="bbox 472 2690 2774 2781; baseline 0 -26"><span class='ocrx_word' id='word_1_182' title='bbox 472 2691 569 2757; x_wconf 85' lang='lat' dir='ltr'><strong>ita</strong></span> <span class='ocrx_word' id='word_1_183' title='bbox 630 2690 1048 2759; x_wconf 85' lang='lat' dir='ltr'><strong>honorificam</strong></span> <span class='ocrx_word' id='word_1_184' title='bbox 1112 2695 1503 2761; x_wconf 89' lang='lat' dir='ltr'><strong>mentionem</strong></span> <span class='ocrx_word' id='word_1_185' title='bbox 1554 2694 1747 2775; x_wconf 72' lang='lat' dir='ltr'><strong>facit,</strong></span> <span class='ocrx_word' id='word_1_186' title='bbox 1817 2703 1893 2761; x_wconf 90' lang='lat' dir='ltr'><strong>ut</strong></span> <span class='ocrx_word' id='word_1_187' title='bbox 1957 2696 2161 2761; x_wconf 86' lang='lat' dir='ltr'><strong>libeat</strong></span> <span class='ocrx_word' id='word_1_188' title='bbox 2225 2697 2364 2781; x_wconf 89' lang='lat' dir='ltr'><strong>ejus</strong></span> <span class='ocrx_word' id='word_1_189' title='bbox 2419 2696 2530 2761; x_wconf 88' lang='lat' dir='ltr'><strong>hic</strong></span> <span class='ocrx_word' id='word_1_190' title='bbox 2601 2692 2774 2759; x_wconf 81' lang='lat' dir='ltr'><strong>verba</strong></span> 
     </span>
     <span class='ocr_line' id='line_1_23' title="bbox 470 2792 2775 2886; baseline -0 -24"><span class='ocrx_word' id='word_1_191' title='bbox 470 2816 838 2879; x_wconf 87' lang='lat' dir='ltr'><strong>recensere,</strong></span> <span class='ocrx_word' id='word_1_192' title='bbox 902 2820 1099 2884; x_wconf 91' lang='lat' dir='ltr'><strong>quom</strong></span> <span class='ocrx_word' id='word_1_193' title='bbox 1160 2792 1241 2866; x_wconf 82' lang='lat' dir='ltr'><strong>de</strong></span> <span class='ocrx_word' id='word_1_194' title='bbox 1317 2802 1725 2886; x_wconf 86' lang='lat' dir='ltr'><strong>supersancti</strong></span> <span class='ocrx_word' id='word_1_195' title='bbox 1787 2801 1957 2884; x_wconf 85' lang='lat' dir='ltr'><strong>regis</strong></span> <span class='ocrx_word' id='word_1_196' title='bbox 2017 2802 2222 2866; x_wconf 88' lang='lat' dir='ltr'><strong>nostri</strong></span> <span class='ocrx_word' id='word_1_197' title='bbox 2289 2807 2356 2867; x_wconf 91' lang='lat' dir='ltr'><strong>et</strong></span> <span class='ocrx_word' id='word_1_198' title='bbox 2435 2796 2775 2869; x_wconf 83' lang='lat' dir='ltr'><strong>Servatoris</strong></span> 
     </span>
     <span class='ocr_line' id='line_1_24' title="bbox 471 2902 2776 2991; baseline -0.001 -24"><span class='ocrx_word' id='word_1_199' title='bbox 471 2903 728 2969; x_wconf 89' lang='lat' dir='ltr'><strong>nomine</strong></span> <span class='ocrx_word' id='word_1_200' title='bbox 773 2902 1081 2988; x_wconf 90' lang='lat' dir='ltr'><strong>loquitur,</strong></span> <span class='ocrx_word' id='word_1_201' title='bbox 1132 2905 1223 2971; x_wconf 91' lang='lat' dir='ltr'><strong>sic</strong></span> <span class='ocrx_word' id='word_1_202' title='bbox 1267 2906 1647 2990; x_wconf 78' lang='lat' dir='ltr'><strong>inquientis:</strong></span> <span class='ocrx_word' id='word_1_203' title='bbox 1702 2905 1907 2986; x_wconf 90' lang='lat' dir='ltr'><strong>„Illud</strong></span> <span class='ocrx_word' id='word_1_204' title='bbox 1939 2905 2110 2971; x_wconf 90' lang='lat' dir='ltr'><strong>idem</strong></span> <span class='ocrx_word' id='word_1_205' title='bbox 2143 2906 2402 2991; x_wconf 86' lang='lat' dir='ltr'><strong>scripsit</strong></span> <span class='ocrx_word' id='word_1_206' title='bbox 2434 2903 2776 2972; x_wconf 86' lang='lat' dir='ltr'><strong>Mirandula</strong></span> 
     </span>
     <span class='ocr_line' id='line_1_25' title="bbox 474 3006 2778 3095; baseline -0 -22"><span class='ocrx_word' id='word_1_207' title='bbox 474 3013 540 3073; x_wconf 84' lang='lat' dir='ltr'><strong>et</strong></span> <span class='ocrx_word' id='word_1_208' title='bbox 586 3006 667 3073; x_wconf 89' lang='lat' dir='ltr'><strong>de</strong></span> <span class='ocrx_word' id='word_1_209' title='bbox 716 3008 944 3074; x_wconf 90' lang='lat' dir='ltr'><strong>eodem</strong></span> <span class='ocrx_word' id='word_1_210' title='bbox 986 3009 1223 3076; x_wconf 91' lang='lat' dir='ltr'><strong>librum</strong></span> <span class='ocrx_word' id='word_1_211' title='bbox 1271 3010 1477 3077; x_wconf 87' lang='lat' dir='ltr'><strong>edidit</strong></span> <span class='ocrx_word' id='word_1_212' title='bbox 1523 3011 2035 3095; x_wconf 85' lang='lat' dir='ltr'><strong>elegant-issimus</strong></span> <span class='ocrx_word' id='word_1_213' title='bbox 2083 3018 2150 3077; x_wconf 86' lang='lat' dir='ltr'><strong>et</strong></span> <span class='ocrx_word' id='word_1_214' title='bbox 2192 3014 2328 3078; x_wconf 89' lang='lat' dir='ltr'><strong>sine</strong></span> <span class='ocrx_word' id='word_1_215' title='bbox 2360 3008 2778 3078; x_wconf 83' lang='lat' dir='ltr'><strong>controversia</strong></span> 
     </span>
     <span class='ocr_line' id='line_1_26' title="bbox 472 3114 2776 3203; baseline 0 -26"><span class='ocrx_word' id='word_1_216' title='bbox 472 3114 645 3179; x_wconf 89' lang='lat' dir='ltr'><strong>inter</strong></span> <span class='ocrx_word' id='word_1_217' title='bbox 692 3114 935 3181; x_wconf 85' lang='lat' dir='ltr'><strong>Suevos</strong></span> <span class='ocrx_word' id='word_1_218' title='bbox 998 3116 1408 3184; x_wconf 82' lang='lat' dir='ltr'><strong>doctissimus</strong></span> <span class='ocrx_word' id='word_1_219' title='bbox 1456 3118 1738 3190; x_wconf 82' lang='lat' dir='ltr'><strong>Joannes</strong></span> <span class='ocrx_word' id='word_1_220' title='bbox 1786 3117 2104 3201; x_wconf 85' lang='lat' dir='ltr'><strong>Capnion,</strong></span> <span class='ocrx_word' id='word_1_221' title='bbox 2163 3120 2345 3203; x_wconf 87' lang='lat' dir='ltr'><strong>cujus</strong></span> <span class='ocrx_word' id='word_1_222' title='bbox 2399 3118 2600 3201; x_wconf 85' lang='lat' dir='ltr'><strong>paulo</strong></span> <span class='ocrx_word' id='word_1_223' title='bbox 2648 3120 2776 3180; x_wconf 80' lang='lat' dir='ltr'><strong>ante</strong></span> 
     </span>
     <span class='ocr_line' id='line_1_27' title="bbox 472 3218 2778 3307; baseline 0 -24"><span class='ocrx_word' id='word_1_224' title='bbox 472 3218 876 3289; x_wconf 84' lang='lat' dir='ltr'><strong>meminimus</strong></span> <span class='ocrx_word' id='word_1_225' title='bbox 895 3270 910 3300; x_wconf 91' lang='lat'>‚</span> <span class='ocrx_word' id='word_1_226' title='bbox 972 3243 1167 3306; x_wconf 92' lang='lat' dir='ltr'><strong>quem</strong></span> <span class='ocrx_word' id='word_1_227' title='bbox 1227 3223 1490 3307; x_wconf 89' lang='lat' dir='ltr'><strong>quidem</strong></span> <span class='ocrx_word' id='word_1_228' title='bbox 1545 3222 1835 3289; x_wconf 89' lang='lat' dir='ltr'><strong>libellum</strong></span> <span class='ocrx_word' id='word_1_229' title='bbox 1879 3223 1964 3289; x_wconf 87' lang='lat' dir='ltr'><strong>ab</strong></span> <span class='ocrx_word' id='word_1_230' title='bbox 2011 3224 2122 3289; x_wconf 89' lang='lat' dir='ltr'><strong>illo</strong></span> <span class='ocrx_word' id='word_1_231' title='bbox 2185 3223 2400 3290; x_wconf 89' lang='lat' dir='ltr'><strong>divino</strong></span> <span class='ocrx_word' id='word_1_232' title='bbox 2459 3222 2778 3289; x_wconf 88' lang='lat' dir='ltr'><strong>benedicto</strong></span> 
     </span>
     <span class='ocr_line' id='line_1_28' title="bbox 474 3324 2778 3413; baseline 0 -26"><span class='ocrx_word' id='word_1_233' title='bbox 474 3330 543 3388; x_wconf 88' lang='lat' dir='ltr'><strong>et</strong></span> <span class='ocrx_word' id='word_1_234' title='bbox 584 3324 877 3391; x_wconf 86' lang='lat' dir='ltr'><strong>mirando</strong></span> <span class='ocrx_word' id='word_1_235' title='bbox 922 3329 1181 3393; x_wconf 93' lang='lat' dir='ltr'><strong>nomino</strong></span> <span class='ocrx_word' id='word_1_236' title='bbox 1226 3329 1309 3395; x_wconf 88' lang='lat' dir='ltr'><strong>de</strong></span> <span class='ocrx_word' id='word_1_237' title='bbox 1357 3328 1572 3394; x_wconf 92' lang='lat' dir='ltr'><strong>Verbo</strong></span> <span class='ocrx_word' id='word_1_238' title='bbox 1605 3326 1877 3393; x_wconf 88' lang='lat' dir='ltr'><strong>Mirifice</strong></span> <span class='ocrx_word' id='word_1_239' title='bbox 1921 3330 2378 3413; x_wconf 84' lang='lat' dir='ltr'><strong>nuncupavit“.</strong></span> <span class='ocrx_word' id='word_1_240' title='bbox 2471 3330 2778 3395; x_wconf 87' lang='lat' dir='ltr'><strong>Hactenus</strong></span> 
     </span>
     <span class='ocr_line' id='line_1_29' title="bbox 470 3428 2778 3509; baseline 0 -15"><span class='ocrx_word' id='word_1_241' title='bbox 470 3428 700 3495; x_wconf 85' lang='lat' dir='ltr'><strong>Faber.</strong></span> <span class='ocrx_word' id='word_1_242' title='bbox 789 3430 957 3509; x_wconf 83' lang='lat' dir='ltr'><strong>Quin</strong></span> <span class='ocrx_word' id='word_1_243' title='bbox 1019 3432 1164 3500; x_wconf 89' lang='lat' dir='ltr'><strong>aliis</strong></span> <span class='ocrx_word' id='word_1_244' title='bbox 1218 3434 1285 3499; x_wconf 89' lang='lat' dir='ltr'><strong>in</strong></span> <span class='ocrx_word' id='word_1_245' title='bbox 1346 3433 1508 3501; x_wconf 89' lang='lat' dir='ltr'><strong>locis</strong></span> <span class='ocrx_word' id='word_1_246' title='bbox 1577 3433 2185 3501; x_wconf 88' lang='lat' dir='ltr'><strong>Reuchlinianorum</strong></span> <span class='ocrx_word' id='word_1_247' title='bbox 2262 3434 2778 3502; x_wconf 89' lang='lat' dir='ltr'><strong>Rudimentorum</strong></span> 
     </span>
    </p>
   </div>
   <div class='ocr_carea' id='block_1_3' title="bbox 1627 3591 1666 3629">
    <p class='ocr_par' dir='ltr' id='par_1_3' title="bbox 1627 3591 1666 3629">
     <span class='ocr_line' id='line_1_30' title="bbox 1627 3591 1666 3629; baseline 0 0"><span class='ocrx_word' id='word_1_248' title='bbox 1627 3591 1666 3629; x_wconf 57' lang='grc' dir='ltr'><strong><em>ὕ</em></strong></span> 
     </span>
    </p>
   </div>
   <div class='ocr_carea' id='block_1_4' title="bbox 466 3687 2781 4557">
    <p class='ocr_par' dir='ltr' id='par_1_4' title="bbox 466 3687 2781 4557">
     <span class='ocr_line' id='line_1_31' title="bbox 618 3687 2778 3761; baseline 0.002 -24"><span class='ocrx_word' id='word_1_249' title='bbox 618 3692 642 3737; x_wconf 83' lang='lat'>1</span> <span class='ocrx_word' id='word_1_250' title='bbox 684 3687 893 3741; x_wconf 76' lang='lat' dir='ltr'><strong>Conrad</strong></span> <span class='ocrx_word' id='word_1_251' title='bbox 928 3690 1175 3741; x_wconf 83' lang='lat' dir='ltr'><strong>Pellikan</strong></span> <span class='ocrx_word' id='word_1_252' title='bbox 1215 3706 1257 3743; x_wconf 86' lang='lat' dir='ltr'><strong>s.</strong></span> <span class='ocrx_word' id='word_1_253' title='bbox 1304 3707 1351 3745; x_wconf 90' lang='lat' dir='ltr'><strong>o.</strong></span> <span class='ocrx_word' id='word_1_254' title='bbox 1402 3708 1445 3743; x_wconf 86' lang='lat' dir='ltr'><strong>s.</strong></span> <span class='ocrx_word' id='word_1_255' title='bbox 1497 3697 1561 3743; x_wconf 82' lang='lat'><strong>72</strong></span> <span class='ocrx_word' id='word_1_256' title='bbox 1601 3708 1645 3744; x_wconf 80' lang='lat' dir='ltr'><strong>a.</strong></span> <span class='ocrx_word' id='word_1_257' title='bbox 1685 3696 1734 3744; x_wconf 83' lang='lat'><strong>3.</strong></span> <span class='ocrx_word' id='word_1_258' title='bbox 1885 3698 1912 3743; x_wconf 82' lang='lat'>2</span> <span class='ocrx_word' id='word_1_259' title='bbox 1957 3694 2272 3761; x_wconf 86' lang='lat' dir='ltr'><strong>quintuplici</strong></span> <span class='ocrx_word' id='word_1_260' title='bbox 2312 3699 2356 3745; x_wconf 89' lang='lat'><strong>1.</strong></span> <span class='ocrx_word' id='word_1_261' title='bbox 2409 3699 2460 3746; x_wconf 83' lang='lat'><strong>2.</strong></span> <span class='ocrx_word' id='word_1_262' title='bbox 2501 3697 2550 3745; x_wconf 80' lang='lat'><strong>3.</strong></span> <span class='ocrx_word' id='word_1_263' title='bbox 2612 3689 2778 3755; x_wconf 72' lang='lat' dir='ltr'><strong>QVIN-</strong></span> 
     </span>
     <span class='ocr_line' id='line_1_32' title="bbox 468 3773 2780 3851; baseline 0.003 -26"><span class='ocrx_word' id='word_1_264' title='bbox 468 3773 749 3827; x_wconf 77' lang='lat' dir='ltr'>CVPLEX</span> <span class='ocrx_word' id='word_1_265' title='bbox 780 3780 791 3842; x_wconf 96' lang='grc' dir='ltr'>Ι</span> <span class='ocrx_word' id='word_1_266' title='bbox 834 3777 1166 3829; x_wconf 81' lang='lat' dir='ltr'><strong>Psalterium.</strong></span> <span class='ocrx_word' id='word_1_267' title='bbox 1212 3780 1222 3845; x_wconf 99' lang='grc' dir='ltr'>Ι</span> <span class='ocrx_word' id='word_1_268' title='bbox 1254 3780 1540 3837; x_wconf 70' lang='lat' dir='ltr'><strong>Gallicum,</strong></span> <span class='ocrx_word' id='word_1_269' title='bbox 1581 3783 1590 3847; x_wconf 93' lang='grc' dir='ltr'>Ι</span> <span class='ocrx_word' id='word_1_270' title='bbox 1635 3782 1943 3832; x_wconf 80' lang='lat' dir='ltr'><strong>Romanum.</strong></span> <span class='ocrx_word' id='word_1_271' title='bbox 1989 3784 2000 3849; x_wconf 94' lang='grc' dir='ltr'>Ι</span> <span class='ocrx_word' id='word_1_272' title='bbox 2033 3784 2353 3835; x_wconf 74' lang='lat' dir='ltr'><strong>Helu-sicum</strong></span> <span class='ocrx_word' id='word_1_273' title='bbox 2393 3784 2573 3835; x_wconf 85' lang='lat' dir='ltr'><strong>Vetus.</strong></span> <span class='ocrx_word' id='word_1_274' title='bbox 2613 3779 2620 3851; x_wconf 89' lang='grc' dir='ltr'>Ι</span> <span class='ocrx_word' id='word_1_275' title='bbox 2666 3780 2780 3831; x_wconf 82' lang='lat' dir='ltr'><strong>Con-</strong></span> 
     </span>
     <span class='ocr_line' id='line_1_33' title="bbox 469 3862 2780 3936; baseline 0.001 -24"><span class='ocrx_word' id='word_1_276' title='bbox 469 3862 671 3914; x_wconf 75' lang='lat' dir='ltr'><strong>ciliatfi.</strong></span> <span class='ocrx_word' id='word_1_277' title='bbox 718 3866 728 3928; x_wconf 92' lang='grc' dir='ltr'>Ι</span> <span class='ocrx_word' id='word_1_278' title='bbox 768 3864 909 3917; x_wconf 78' lang='lat' dir='ltr'><strong>Tite}</strong></span> <span class='ocrx_word' id='word_1_279' title='bbox 957 3867 1011 3916; x_wconf 87' lang='lat' dir='ltr'><strong>in</strong></span> <span class='ocrx_word' id='word_1_280' title='bbox 1059 3866 1325 3919; x_wconf 75' lang='lat' dir='ltr'><strong>hiibsoher</strong></span> <span class='ocrx_word' id='word_1_281' title='bbox 1360 3869 1672 3936; x_wconf 79' lang='lat' dir='ltr'><strong>einfassung</strong></span> <span class='ocrx_word' id='word_1_282' title='bbox 1711 3872 1812 3921; x_wconf 82' lang='lat'><strong>289</strong></span> <span class='ocrx_word' id='word_1_283' title='bbox 1853 3870 1946 3922; x_wconf 87' lang='lat' dir='ltr'><strong>bll.</strong></span> <span class='ocrx_word' id='word_1_284' title='bbox 1995 3872 2050 3921; x_wconf 88' lang='lat' dir='ltr'><strong>in</strong></span> <span class='ocrx_word' id='word_1_285' title='bbox 2088 3871 2182 3921; x_wconf 80' lang='lat' dir='ltr'><strong>fol.</strong></span> <span class='ocrx_word' id='word_1_286' title='bbox 2256 3872 2354 3921; x_wconf 83' lang='lat' dir='ltr'><strong>Am</strong></span> <span class='ocrx_word' id='word_1_287' title='bbox 2401 3871 2636 3923; x_wconf 84' lang='lat' dir='ltr'><strong>schluss:</strong></span> <span class='ocrx_word' id='word_1_288' title='bbox 2683 3867 2780 3917; x_wconf 85' lang='lat' dir='ltr'><strong>AB·</strong></span> 
     </span>
     <span class='ocr_line' id='line_1_34' title="bbox 466 3948 2781 4019; baseline 0.001 -18"><span class='ocrx_word' id='word_1_289' title='bbox 466 3948 800 4004; x_wconf 78' lang='lat' dir='ltr'><strong>SOLVTVM</strong></span> <span class='ocrx_word' id='word_1_290' title='bbox 852 3954 1015 4005; x_wconf 81' lang='lat' dir='ltr'><strong>err</strong></span> <span class='ocrx_word' id='word_1_291' title='bbox 1066 3954 1213 4006; x_wconf 81' lang='lat' dir='ltr'><strong>Hoc</strong></span> <span class='ocrx_word' id='word_1_292' title='bbox 1263 3956 1752 4019; x_wconf 79' lang='lat' dir='ltr'><strong>QVlNCVPLICIS</strong></span> <span class='ocrx_word' id='word_1_293' title='bbox 1812 3958 2186 4009; x_wconf 79' lang='lat' dir='ltr'>PSALTERII</span> <span class='ocrx_word' id='word_1_294' title='bbox 2239 3958 2417 4011; x_wconf 88' lang='lat' dir='ltr'>OPVS</span> <span class='ocrx_word' id='word_1_295' title='bbox 2460 3960 2538 4011; x_wconf 83' lang='lat' dir='ltr'><strong>IN</strong></span> <span class='ocrx_word' id='word_1_296' title='bbox 2580 3959 2590 4015; x_wconf 95' lang='grc' dir='ltr'>Ι</span> <span class='ocrx_word' id='word_1_297' title='bbox 2629 3970 2781 4009; x_wconf 82' lang='lat' dir='ltr'><strong>coeno-</strong></span> 
     </span>
     <span class='ocr_line' id='line_1_35' title="bbox 467 4036 2780 4110; baseline 0.002 -22"><span class='ocrx_word' id='word_1_298' title='bbox 467 4036 557 4089; x_wconf 82' lang='lat' dir='ltr'><strong>bio</strong></span> <span class='ocrx_word' id='word_1_299' title='bbox 602 4040 773 4090; x_wconf 76' lang='lat' dir='ltr'><strong>saneti</strong></span> <span class='ocrx_word' id='word_1_300' title='bbox 820 4040 1071 4093; x_wconf 75' lang='lat' dir='ltr'><strong>Germani</strong></span> <span class='ocrx_word' id='word_1_301' title='bbox 1122 4060 1285 4110; x_wconf 84' lang='lat' dir='ltr'><strong>prope</strong></span> <span class='ocrx_word' id='word_1_302' title='bbox 1334 4061 1512 4097; x_wconf 84' lang='lat' dir='ltr'><strong>muros</strong></span> <span class='ocrx_word' id='word_1_303' title='bbox 1552 4047 1858 4099; x_wconf 59' lang='lat' dir='ltr'><strong>Parisieses:</strong></span> <span class='ocrx_word' id='word_1_304' title='bbox 1905 4060 2042 4097; x_wconf 72' lang='lat' dir='ltr'><strong>anno</strong></span> <span class='ocrx_word' id='word_1_305' title='bbox 2083 4064 2114 4097; x_wconf 74' lang='lat' dir='ltr'><strong>a</strong></span> <span class='ocrx_word' id='word_1_306' title='bbox 2149 4048 2318 4098; x_wconf 74' lang='lat' dir='ltr'><strong>natali</strong></span> <span class='ocrx_word' id='word_1_307' title='bbox 2356 4047 2639 4099; x_wconf 81' lang='lat' dir='ltr'>CHRISTI</span> <span class='ocrx_word' id='word_1_308' title='bbox 2667 4049 2676 4108; x_wconf 87' lang='grc' dir='ltr'>Ι</span> <span class='ocrx_word' id='word_1_309' title='bbox 2705 4043 2780 4093; x_wconf 85' lang='lat' dir='ltr'><strong>do·</strong></span> 
     </span>
     <span class='ocr_line' id='line_1_36' title="bbox 468 4126 2779 4204; baseline 0.003 -29"><span class='ocrx_word' id='word_1_310' title='bbox 468 4126 597 4176; x_wconf 86' lang='lat' dir='ltr'><strong>mini</strong></span> <span class='ocrx_word' id='word_1_311' title='bbox 638 4127 793 4179; x_wconf 83' lang='lat'><strong>1508.</strong></span> <span class='ocrx_word' id='word_1_312' title='bbox 866 4128 934 4180; x_wconf 75' lang='lat' dir='ltr'><strong>Et</strong></span> <span class='ocrx_word' id='word_1_313' title='bbox 976 4132 1033 4180; x_wconf 84' lang='lat' dir='ltr'><strong>in</strong></span> <span class='ocrx_word' id='word_1_314' title='bbox 1081 4132 1377 4185; x_wconf 72' lang='lat' dir='ltr'><strong>clarissimo</strong></span> <span class='ocrx_word' id='word_1_315' title='bbox 1424 4134 1694 4185; x_wconf 71' lang='lat' dir='ltr'><strong>Parisiorn‘i</strong></span> <span class='ocrx_word' id='word_1_316' title='bbox 1735 4136 2025 4200; x_wconf 80' lang='lat' dir='ltr'><strong>Gymnasio</strong></span> <span class='ocrx_word' id='word_1_317' title='bbox 2075 4152 2141 4185; x_wconf 84' lang='lat' dir='ltr'><strong>ex</strong></span> <span class='ocrx_word' id='word_1_318' title='bbox 2192 4135 2512 4203; x_wconf 74' lang='lat' dir='ltr'><strong>chalcotypa</strong></span> <span class='ocrx_word' id='word_1_319' title='bbox 2543 4136 2554 4204; x_wconf 87' lang='grc' dir='ltr'>Ι</span> <span class='ocrx_word' id='word_1_320' title='bbox 2584 4131 2779 4185; x_wconf 82' lang='lat' dir='ltr'><strong>Hem-ici</strong></span> 
     </span>
     <span class='ocr_line' id='line_1_37' title="bbox 467 4212 2780 4290; baseline 0.005 -29"><span class='ocrx_word' id='word_1_321' title='bbox 467 4212 718 4278; x_wconf 75' lang='lat' dir='ltr'><strong>Stephani</strong></span> <span class='ocrx_word' id='word_1_322' title='bbox 744 4215 962 4267; x_wconf 72' lang='lat' dir='ltr'><strong>officina</strong></span> <span class='ocrx_word' id='word_1_323' title='bbox 990 4233 1019 4267; x_wconf 82' lang='lat' dir='ltr'><strong>e</strong></span> <span class='ocrx_word' id='word_1_324' title='bbox 1044 4220 1261 4284; x_wconf 81' lang='lat' dir='ltr'><strong>regione</strong></span> <span class='ocrx_word' id='word_1_325' title='bbox 1284 4220 1534 4273; x_wconf 71' lang='lat' dir='ltr'><strong>scholare·</strong></span> <span class='ocrx_word' id='word_1_326' title='bbox 1563 4224 1851 4274; x_wconf 75' lang='lat' dir='ltr'><strong>Decretorfi</strong></span> <span class='ocrx_word' id='word_1_327' title='bbox 1883 4224 1894 4289; x_wconf 93' lang='grc' dir='ltr'>Ι</span> <span class='ocrx_word' id='word_1_328' title='bbox 1925 4226 2124 4277; x_wconf 74' lang='grc' dir='ltr'>εωίεειῑ</span> <span class='ocrx_word' id='word_1_329' title='bbox 2149 4240 2285 4275; x_wconf 80' lang='lat' dir='ltr'><strong>anno</strong></span> <span class='ocrx_word' id='word_1_330' title='bbox 2314 4224 2498 4290; x_wconf 77' lang='lat' dir='ltr'><strong>ejusd‘e‘</strong></span> <span class='ocrx_word' id='word_1_331' title='bbox 2523 4220 2780 4277; x_wconf 83' lang='lat' dir='ltr'>CHRISTI</span> 
     </span>
     <span class='ocr_line' id='line_1_38' title="bbox 469 4300 2778 4379; baseline 0.005 -30"><span class='ocrx_word' id='word_1_332' title='bbox 469 4300 747 4352; x_wconf 80' lang='lat' dir='ltr'><strong>saluatoris</strong></span> <span class='ocrx_word' id='word_1_333' title='bbox 784 4306 965 4356; x_wconf 72' lang='lat' dir='ltr'><strong>omniu</strong></span> <span class='ocrx_word' id='word_1_334' title='bbox 996 4307 1005 4371; x_wconf 93' lang='grc' dir='ltr'>Ι</span> <span class='ocrx_word' id='word_1_335' title='bbox 1045 4309 1177 4357; x_wconf 78' lang='lat'>1509</span> <span class='ocrx_word' id='word_1_336' title='bbox 1222 4308 1391 4373; x_wconf 85' lang='lat' dir='ltr'><strong>pridie</strong></span> <span class='ocrx_word' id='word_1_337' title='bbox 1440 4309 1669 4361; x_wconf 61' lang='lat' dir='ltr'><strong>Calidas</strong></span> <span class='ocrx_word' id='word_1_338' title='bbox 1716 4311 1958 4377; x_wconf 81' lang='lat' dir='ltr'><strong>Augusti.</strong></span> <span class='ocrx_word' id='word_1_339' title='bbox 2033 4312 2121 4362; x_wconf 90' lang='lat' dir='ltr'><strong>Illi</strong></span> <span class='ocrx_word' id='word_1_340' title='bbox 2159 4314 2321 4379; x_wconf 82' lang='lat' dir='ltr'><strong>igitur</strong></span> <span class='ocrx_word' id='word_1_341' title='bbox 2351 4314 2362 4378; x_wconf 98' lang='grc' dir='ltr'>Ι</span> <span class='ocrx_word' id='word_1_342' title='bbox 2394 4312 2484 4378; x_wconf 85' lang='lat' dir='ltr'><strong>qui</strong></span> <span class='ocrx_word' id='word_1_343' title='bbox 2522 4310 2778 4367; x_wconf 72' lang='lat' dir='ltr'><strong>absolvere</strong></span> 
     </span>
     <span class='ocr_line' id='line_1_39' title="bbox 468 4386 2778 4469; baseline 0.005 -33"><span class='ocrx_word' id='word_1_344' title='bbox 468 4394 521 4437; x_wconf 83' lang='lat' dir='ltr'><strong>et</strong></span> <span class='ocrx_word' id='word_1_345' title='bbox 570 4386 873 4440; x_wconf 73' lang='lat' dir='ltr'><strong>absolutum</strong></span> <span class='ocrx_word' id='word_1_346' title='bbox 926 4394 979 4441; x_wconf 81' lang='lat' dir='ltr'><strong>in</strong></span> <span class='ocrx_word' id='word_1_347' title='bbox 1036 4397 1047 4456; x_wconf 91' lang='grc' dir='ltr'>Ι</span> <span class='ocrx_word' id='word_1_348' title='bbox 1093 4394 1367 4459; x_wconf 88' lang='lat' dir='ltr'><strong>publicum</strong></span> <span class='ocrx_word' id='word_1_349' title='bbox 1420 4396 1698 4469; x_wconf 66' lang='lat' dir='ltr'><strong>emitte-&#39;re</strong></span> <span class='ocrx_word' id='word_1_350' title='bbox 1749 4398 1908 4451; x_wconf 88' lang='lat' dir='ltr'><strong>dedit.</strong></span> <span class='ocrx_word' id='word_1_351' title='bbox 1957 4400 2182 4466; x_wconf 70' lang='lat' dir='ltr'>&#39;LAVS</span> <span class='ocrx_word' id='word_1_352' title='bbox 2237 4401 2327 4451; x_wconf 77' lang='lat' dir='ltr'><strong>ET</strong></span> <span class='ocrx_word' id='word_1_353' title='bbox 2382 4394 2778 4455; x_wconf 77' lang='lat' dir='ltr'>GRATIARVM</span> 
     </span>
     <span class='ocr_line' id='line_1_40' title="bbox 466 4474 2477 4557; baseline 0.007 -34"><span class='ocrx_word' id='word_1_354' title='bbox 466 4474 679 4525; x_wconf 83' lang='lat' dir='ltr'>ACTIO</span> <span class='ocrx_word' id='word_1_355' title='bbox 716 4479 790 4529; x_wconf 88' lang='lat' dir='ltr'><strong>IN</strong></span> <span class='ocrx_word' id='word_1_356' title='bbox 828 4480 1099 4531; x_wconf 71' lang='lat' dir='ltr'>SEGVLA</span> <span class='ocrx_word' id='word_1_357' title='bbox 1136 4482 1570 4535; x_wconf 79' lang='lat' dir='ltr'>SEGVLORVM</span> <span class='ocrx_word' id='word_1_358' title='bbox 1609 4487 1827 4537; x_wconf 81' lang='grc' dir='ltr'><strong>ΔΜΕΝ.</strong></span> <span class='ocrx_word' id='word_1_359' title='bbox 1859 4488 1871 4555; x_wconf 91' lang='grc' dir='ltr'>Ι</span> <span class='ocrx_word' id='word_1_360' title='bbox 1940 4489 2190 4553; x_wconf 75' lang='lat' dir='ltr'><strong>(Dal-met.</strong></span> <span class='ocrx_word' id='word_1_361' title='bbox 2229 4488 2477 4557; x_wconf 84' lang='lat' dir='ltr'><strong>hofbibl.)</strong></span> 
     </span>
    </p>
   </div>
  </div>
 </body>
</html>
