2950 5042
1292 395 1421 460 349

197 606 455 671 cumque
516 583 701 669 potui
762 581 1167 649 confecerim.
1264 583 1534 670 Speravi
1593 607 1872 672 namque
1941 591 2008 650 te
2077 590 2262 652 tanto
2307 585 2518 654 minus

197 713 352 776 aegre
415 690 701 757 laturum
758 711 901 756 esse
958 687 1235 756 ubilibet
1291 689 1492 756 ullam
1541 690 1914 758 facundiam
1973 689 2076 756 vel
2131 689 2294 757 adeo
2361 712 2520 775 pau-

196 818 325 862 cam
370 797 436 862 in
502 817 581 862 ea
625 795 1019 861 latinitatem
1064 796 1407 878 agnoveris
1452 804 1700 882 quanto
1744 817 1848 864 me
1894 797 2103 863 minus
2161 797 2520 864 oratorium

194 923 361 969 onus.
394 902 670 970 subiisse
708 901 848 985 jam
894 906 967 966 tu
1012 899 1219 985 magis
1266 923 1463 988 quam
1511 904 1734 970 caeteri
1779 924 1907 969 non
1953 902 2256 970 nescires.
2299 903 2388 969 Et
2417 908 2522 970 est

194 1014 505 1092 praeterea
548 1007 965 1074 manifestum
1014 1006 1189 1094 quod
1248 1029 1289 1074 a
1348 1007 1576 1093 paucis
1619 1008 1970 1078 admodum
2017 1029 2096 1076 ea
2141 1008 2348 1094 possit
2393 1007 2520 1076 ele·

192 1114 399 1199 gantia
454 1115 799 1181 verborum
854 1112 1111 1180 omnino
1166 1114 1414 1180 servari
1483 1115 1904 1194 traducendo,
1970 1133 2166 1200 quam
2222 1114 2518 1199 graecitas

191 1242 315 1305 prae
360 1242 431 1287 se
477 1219 721 1287 tulerit.
816 1219 1247 1304 Quapropter,
1294 1219 1542 1289 Jacobe
1589 1221 1688 1287 vir
1733 1219 2110 1299 clarissime,
2154 1226 2520 1304 praeceptor

190 1327 269 1392 mi
327 1326 790 1404 amantissime,
838 1345 963 1390 non
1025 1325 1263 1392 acerbo
1326 1326 1508 1393 vultu
1574 1348 1736 1412 quas
1799 1325 1923 1393 tibi
1983 1325 2342 1392 studiorum
2389 1347 2522 1392 me-

194 1453 365 1500 orum
426 1432 749 1518 primitias
798 1429 999 1506 offero
1046 1431 1362 1516 suscipias
1411 1431 1628 1513 veliin,
1675 1438 2004 1518 tamquam
2056 1431 2292 1497 vinitor
2335 1433 2520 1518 cujus

190 1538 369 1622 agelli
414 1538 759 1622 diligenter
790 1537 1023 1604 consiti
1066 1543 1205 1603 tum
1250 1538 1316 1602 in
1349 1537 1768 1624 percipiendo
1814 1537 1976 1604 foetu
2023 1559 2150 1604 non
2195 1537 2385 1605 abest
2419 1538 2519 1623 jo-

192 1645 497 1712 cunditas.
591 1643 751 1709 Vale
796 1663 1029 1734 meque
1078 1641 1600 1711 commendatum
1646 1643 1832 1713 habe.

355 1754 681 1814 Handschr.
718 1755 801 1814 St.
846 1751 1069 1812 Gallen.
1153 1753 1297 1814 vad.
1339 1755 1475 1814 bibl.
1523 1772 1648 1814 nro.
1701 1757 1848 1829 569,
1895 1769 2176 1828 unpagg.;
2227 1758 2261 1814 2
2305 1755 2512 1814 seiten.

317 2051 535 2121 (smel.)
1313 1963 1391 2030 μ’
2240 2051 2442 2119 (1477.)

384 2143 437 2217 J
440 2169 509 2216 ο.
550 2139 915 2216 Reuchlin
954 2140 1383 2242 phorcensis
1421 2167 1475 2214 s,
1521 2139 1591 2216 d.
1635 2140 2090 2217 scholasticis
2130 2140 2299 2214 suis,

353 2306 609 2390 Cupitis
639 2307 659 2344 ¹
692 2306 776 2371 ad
809 2326 1061 2372 summa
1093 2313 1161 2372 et
1206 2305 1467 2391 quidem
1511 2305 1888 2374 brevissime
1937 2306 2193 2373 litteras
2241 2305 2518 2372 missiles

184 2431 334 2494 quas
366 2411 579 2478 Graeci
626 2411 937 2495 epistolas
982 2411 1336 2496 appellant,
1383 2412 1571 2497 quasi
1619 2419 1992 2496 extempore
2028 2411 2053 2451 ²
2099 2413 2514 2478 comminisci.

183 2514 340 2583 Gero
390 2517 575 2584 vobis
619 2539 881 2584 morem.
931 2517 1052 2594 Qui
1101 2539 1246 2582 cum
1292 2539 1436 2583 eam
1485 2540 1525 2582 a
1575 2540 1672 2582 me
1737 2540 1868 2584 rem
1919 2518 2170 2602 longius
2206 2517 2230 2556 ³
2277 2524 2519 2584 tracta-

182 2626 305 2686 tam
338 2625 366 2663 4
412 2620 813 2701 audiveritis,
859 2621 1083 2688 itidem
1118 2621 1143 2660 ⁵
1192 2644 1447 2707 quoque
1499 2613 1878 2708 compendio
1925 2623 2292 2707 postulatis.
2389 2623 2516 2688 Vos

181 2727 365 2810 igitur
398 2730 424 2768 ⁶
489 2733 643 2811 ante
690 2729 852 2795 satis
906 2729 1189 2796 imbutos
1247 2728 1671 2812 grammatica
1717 2728 1908 2794 decet
1953 2727 2223 2794 latinum
2275 2750 2517 2794 sermo·

182 2853 311 2898 nem
360 2837 388 2922 ‚⁷
434 2835 799 2902 imitatione
849 2834 1343 2918 vigilantissima
1390 2834 1415 2872 ⁸
1436 2835 1681 2977 „venari
1731 2834 2093 2946 saepiusque
2138 2832 2324 2899 fictas
2372 2854 2519 2899 nar-

181 2931 457 3006 rationes
507 2940 946 3020 conscribere,
994 2947 1133 3006 tum
1180 2961 1399 3006 cecum
1436 2929 1810 3005 ”meditari
1851 2911 2214 3024 quamlibet
2259 2939 2517 3006 inanem

182 3043 555 3128 hypotesim‚
589 3047 653 3112 id
688 3053 787 3112 est
820 3067 1099 3125 eausam,
1134 3047 1267 3112 sive
1298 3047 1515 3131 potius
1547 3045 1912 3130 peristasin,
1957 3045 2127 3112 idest
2159 3046 2514 3130 negocium.

180 3149 290 3215 Est
334 3160 560 3219 autem
608 3153 931 3236 negotium
982 3154 1391 3237 congregatio
1425 3173 1869 3236 personarum,
1915 3149 2222 3232 locorum,
2269 3159 2515 3236 tempo·

179 3277 331 3338 rum,
374 3279 744 3337 causarum,
793 3259 1152 3338 modorum,
1196 3279 1482 3334 casuum,
1534 3259 1870 3338 sactorum,
1917 3258 2516 3336 instrumentorum,

180 3382 565 3444 sermonum,
598 3365 986 3448 scriptorum
1036 3371 1101 3428 et
1149 3386 1272 3430 non
1324 3363 1732 3449 scriptorum.
1809 3363 1908 3427 Ex
1953 3363 2052 3428 his
2096 3384 2335 3446 ponere
2369 3383 2516 3428 sua·

182 3466 295 3534 deo
328 3469 712 3555 Kephaleon
748 3469 801 3508 ¹⁰
850 3469 1107 3554 quidem
1141 3469 1341 3556 latine
1375 3492 1526 3535 vero
1560 3469 2064 3554 propositionem
2112 3489 2257 3534 cum
2301 3466 2516 3532 firma-

178 3581 408 3654 ment0,
459 3576 739 3660 denique
806 3575 1169 3640 discutiatis
1208 3577 1259 3614 ²²
1312 3575 1500 3640 velim
1563 3575 1700 3659 ejus
1747 3573 2118 3658 qualitates„
2165 3579 2516 3658 propterea

180 3677 589 3747 nihilominus
622 3687 769 3766 post
817 3681 912 3745 rei
960 3680 1462 3746 meditationem.
1526 3679 1733 3745 Jubeo
1785 3699 2210 3763 personarum
2257 3675 2517 3743 habitu-

180 3783 367 3868 dines,
387 3788 530 3852 acri
553 3787 801 3872 judicio
833 3786 1048 3851 metiri
1081 3790 1147 3852 et
1179 3785 1519 3874 scribentis
1553 3791 1618 3849 et
1665 3785 1771 3850 cui
1802 3783 2140 3864 scribitur3
2189 3784 2513 3849 enimvero

182 3910 254 3954 ex
281 3893 524 3978 quibus
551 3892 816 3976 singulis
848 3892 1087 3957 dicitur
1114 3892 1385 3958 intentio
1420 3913 1562 3976 quae
1587 3889 1903 3956 sufficient
1924 3889 2258 3956 exordium
2279 3894 2346 3954 et
2368 3908 2515 3953 nar-

1331 4055 1366 4096 ,ιι

321 4145 960 4216 lDariibergeschriebcn
1012 4162 1121 4198 vos.
1245 4149 1272 4194 2
1313 4139 1888 4210 Dariibergeschrieben
1942 4141 2090 4192 snell.
2204 4144 2234 4192 3
2276 4139 2515 4198 Dariiber

180 4226 305 4287 wit‘t.
414 4241 449 4286 4
482 4236 725 4287 Dan-iiber
752 4236 1103 4287 exercitatam.
1182 4236 1211 4284 5
1242 4232 1477 4283 Dal-iiber
1504 4229 1808 4282 widerumb.
1907 4234 1937 4282 6
1965 4230 2064 4280 Am
2090 4228 2249 4280 rand:
2285 4229 2516 4296 primum

180 4330 439 4386 quartum.
593 4329 619 4374 7
674 4326 763 4375 lat.
816 4341 967 4374 serm.
1022 4322 1129 4373 und
1168 4321 1400 4372 einzelne
1444 4325 1607 4370 wortc
1643 4319 1716 4368 im
1753 4317 2035 4384 folgenden
2084 4317 2203 4368 roth
2242 4314 2518 4367 unterstri·

180 4408 323 4466 chen.
370 4479 375 4484 ⁸
436 4415 477 4464 8
512 4410 1093 4479 Datiibergeschrieben
1128 4408 1546 4476 diligentissima.
1659 4409 1690 4456 9
1728 4404 2305 4486 Dariibergeschricbcn
2332 4404 2386 4464 in
2425 4403 2516 4461 im.

188 4501 245 4550 10
278 4500 445 4569 Keph.
488 4499 763 4552 uochmals
802 4515 886 4550 am
925 4497 1071 4550 rand.
1226 4501 1283 4547 11
1327 4496 1426 4547 Am
1466 4495 1621 4547 rand:
1663 4494 1957 4548 mei-ckcnd.
