<?xml version="1.0" encoding="UTF-8"?>
<!DOCTYPE html PUBLIC "-//W3C//DTD XHTML 1.0 Transitional//EN"
    "http://www.w3.org/TR/xhtml1/DTD/xhtml1-transitional.dtd">
<html xmlns="http://www.w3.org/1999/xhtml" xml:lang="en" lang="en">
 <head>
  <title>
</title>
<meta http-equiv="Content-Type" content="text/html;charset=utf-8" />
  <meta name='ocr-system' content='tesseract 3.04.00' />
  <meta name='ocr-capabilities' content='ocr_page ocr_carea ocr_par ocr_line ocrx_word'/>
</head>
<body>
  <div class='ocr_page' id='page_1' title='image "./johannreuchlins00geiggoog/johannreuchlins00geiggoog_0116.png"; bbox 0 0 2950 5042; ppageno 0'>
   <div class='ocr_carea' id='block_1_1' title="bbox 40 806 44 1625">
    <p class='ocr_par' dir='ltr' id='par_1_1' title="bbox 40 806 44 1625">
     <span class='ocr_line' id='line_1_1' title="bbox 40 806 44 1625; baseline 0 0"><span class='ocrx_word' id='word_1_1' title='bbox 40 806 44 1625; x_wconf 95' lang='lat' dir='ltr'> </span> 
     </span>
    </p>
   </div>
   <div class='ocr_carea' id='block_1_2' title="bbox 1579 362 1704 430">
    <p class='ocr_par' dir='ltr' id='par_1_2' title="bbox 1579 362 1704 430">
     <span class='ocr_line' id='line_1_2' title="bbox 1579 362 1704 430; baseline -0.008 0"><span class='ocrx_word' id='word_1_2' title='bbox 1579 362 1704 430; x_wconf 87' lang='grc'>106</span> 
     </span>
    </p>
   </div>
   <div class='ocr_carea' id='block_1_3' title="bbox 461 551 2775 2119">
    <p class='ocr_par' dir='ltr' id='par_1_3' title="bbox 461 551 2775 2119">
     <span class='ocr_line' id='line_1_3' title="bbox 469 551 2769 639; baseline -0.002 -16"><span class='ocrx_word' id='word_1_3' title='bbox 469 551 711 623; x_wconf 84' lang='lat' dir='ltr'>cortice</span> <span class='ocrx_word' id='word_1_4' title='bbox 756 551 983 621; x_wconf 84' lang='lat' dir='ltr'>relicto</span> <span class='ocrx_word' id='word_1_5' title='bbox 1028 552 1228 621; x_wconf 81' lang='lat' dir='ltr'>altius</span> <span class='ocrx_word' id='word_1_6' title='bbox 1273 551 1624 621; x_wconf 79' lang='lat' dir='ltr'><strong>medullam</strong></span> <span class='ocrx_word' id='word_1_7' title='bbox 1671 551 2020 639; x_wconf 85' lang='lat' dir='ltr'>pollicetur</span> <span class='ocrx_word' id='word_1_8' title='bbox 2039 604 2055 634; x_wconf 89' lang='lat'>,</span> <span class='ocrx_word' id='word_1_9' title='bbox 2103 574 2181 619; x_wconf 83' lang='lat' dir='ltr'>ea</span> <span class='ocrx_word' id='word_1_10' title='bbox 2225 553 2379 621; x_wconf 86' lang='lat' dir='ltr'>solis</span> <span class='ocrx_word' id='word_1_11' title='bbox 2424 558 2645 639; x_wconf 76' lang='lat' dir='ltr'>parata</span> <span class='ocrx_word' id='word_1_12' title='bbox 2685 556 2769 620; x_wconf 79' lang='lat' dir='ltr'>est</span> 
     </span>
     <span class='ocr_line' id='line_1_4' title="bbox 469 658 2768 748; baseline -0.001 -23"><span class='ocrx_word' id='word_1_13' title='bbox 469 680 598 725; x_wconf 90' lang='lat' dir='ltr'>non</span> <span class='ocrx_word' id='word_1_14' title='bbox 643 665 895 727; x_wconf 81' lang='lat' dir='ltr'>tantum</span> <span class='ocrx_word' id='word_1_15' title='bbox 942 661 1465 748; x_wconf 76' lang='lat' dir='ltr'><strong>contemplativis</strong></span> <span class='ocrx_word' id='word_1_16' title='bbox 1483 709 1499 741; x_wconf 88' lang='lat'><strong>‚</strong></span> <span class='ocrx_word' id='word_1_17' title='bbox 1559 682 1782 727; x_wconf 82' lang='lat' dir='ltr'>verum</span> <span class='ocrx_word' id='word_1_18' title='bbox 1844 662 2001 727; x_wconf 90' lang='lat' dir='ltr'>etim</span> <span class='ocrx_word' id='word_1_19' title='bbox 2049 659 2436 727; x_wconf 77' lang='lat' dir='ltr'>doctissimis</span> <span class='ocrx_word' id='word_1_20' title='bbox 2465 659 2630 725; x_wconf 84' lang='lat' dir='ltr'>illius</span> <span class='ocrx_word' id='word_1_21' title='bbox 2669 658 2768 724; x_wconf 88' lang='lat' dir='ltr'>lin-</span> 
     </span>
     <span class='ocr_line' id='line_1_5' title="bbox 466 764 2769 851; baseline -0.001 -20"><span class='ocrx_word' id='word_1_22' title='bbox 466 786 609 849; x_wconf 82' lang='lat' dir='ltr'>guae</span> <span class='ocrx_word' id='word_1_23' title='bbox 640 764 1025 832; x_wconf 78' lang='lat' dir='ltr'>hominibus,</span> <span class='ocrx_word' id='word_1_24' title='bbox 1103 767 1243 845; x_wconf 88' lang='lat' dir='ltr'>Quo</span> <span class='ocrx_word' id='word_1_25' title='bbox 1286 767 1492 850; x_wconf 82' lang='lat' dir='ltr'>magis</span> <span class='ocrx_word' id='word_1_26' title='bbox 1523 765 1900 833; x_wconf 82' lang='lat' dir='ltr'>Latinorum</span> <span class='ocrx_word' id='word_1_27' title='bbox 1949 766 2202 851; x_wconf 84' lang='lat' dir='ltr'>aliquos</span> <span class='ocrx_word' id='word_1_28' title='bbox 2230 766 2592 831; x_wconf 44' lang='lat' dir='ltr'>‘demiratus</span> <span class='ocrx_word' id='word_1_29' title='bbox 2633 785 2769 843; x_wconf 89' lang='lat' dir='ltr'>sum,</span> 
     </span>
     <span class='ocr_line' id='line_1_6' title="bbox 466 870 2770 956; baseline -0.001 -20"><span class='ocrx_word' id='word_1_30' title='bbox 466 870 642 955; x_wconf 76' lang='lat' dir='ltr'>quod</span> <span class='ocrx_word' id='word_1_31' title='bbox 688 892 759 936; x_wconf 86' lang='lat' dir='ltr'>se</span> <span class='ocrx_word' id='word_1_32' title='bbox 804 871 1452 955; x_wconf 74' lang='lat' dir='ltr'>interpretationibus</span> <span class='ocrx_word' id='word_1_33' title='bbox 1485 872 1712 937; x_wconf 86' lang='lat' dir='ltr'>Bibliae</span> <span class='ocrx_word' id='word_1_34' title='bbox 1757 872 2168 956; x_wconf 83' lang='lat' dir='ltr'>ingesserunt</span> <span class='ocrx_word' id='word_1_35' title='bbox 2211 872 2324 956; x_wconf 87' lang='lat' dir='ltr'>qui</span> <span class='ocrx_word' id='word_1_36' title='bbox 2369 892 2486 937; x_wconf 89' lang='lat' dir='ltr'>nec</span> <span class='ocrx_word' id='word_1_37' title='bbox 2514 870 2770 937; x_wconf 81' lang='lat' dir='ltr'>litteram</span> 
     </span>
     <span class='ocr_line' id='line_1_7' title="bbox 466 976 2772 1062; baseline -0.002 -19"><span class='ocrx_word' id='word_1_38' title='bbox 466 976 861 1043; x_wconf 82' lang='lat' dir='ltr'>Hebraicam</span> <span class='ocrx_word' id='word_1_39' title='bbox 906 978 1309 1062; x_wconf 83' lang='lat' dir='ltr'>inspexerint</span> <span class='ocrx_word' id='word_1_40' title='bbox 1354 977 1649 1062; x_wconf 89' lang='lat' dir='ltr'>quidem,</span> <span class='ocrx_word' id='word_1_41' title='bbox 1703 999 1784 1044; x_wconf 89' lang='lat' dir='ltr'>ne</span> <span class='ocrx_word' id='word_1_42' title='bbox 1831 978 2046 1044; x_wconf 77' lang='lat' dir='ltr'>dicam</span> <span class='ocrx_word' id='word_1_43' title='bbox 2093 978 2523 1061; x_wconf 82' lang='lat' dir='ltr'>cognoverint.</span> <span class='ocrx_word' id='word_1_44' title='bbox 2610 976 2772 1041; x_wconf 88' lang='lat' dir='ltr'>Unde</span> 
     </span>
     <span class='ocr_line' id='line_1_8' title="bbox 466 1082 2774 1169; baseline -0.001 -22"><span class='ocrx_word' id='word_1_45' title='bbox 466 1102 677 1148; x_wconf 90' lang='lat' dir='ltr'>nonne</span> <span class='ocrx_word' id='word_1_46' title='bbox 723 1082 1014 1149; x_wconf 86' lang='lat' dir='ltr'>futurum</span> <span class='ocrx_word' id='word_1_47' title='bbox 1062 1089 1165 1149; x_wconf 82' lang='lat' dir='ltr'>est</span> <span class='ocrx_word' id='word_1_48' title='bbox 1208 1089 1285 1149; x_wconf 86' lang='lat' dir='ltr'>ut</span> <span class='ocrx_word' id='word_1_49' title='bbox 1330 1084 1492 1151; x_wconf 90' lang='lat' dir='ltr'>risui</span> <span class='ocrx_word' id='word_1_50' title='bbox 1535 1083 1890 1151; x_wconf 86' lang='lat' dir='ltr'>multorum</span> <span class='ocrx_word' id='word_1_51' title='bbox 1922 1089 2214 1169; x_wconf 80' lang='lat' dir='ltr'>pateant,</span> <span class='ocrx_word' id='word_1_52' title='bbox 2259 1084 2523 1149; x_wconf 83' lang='lat' dir='ltr'>tametsi</span> <span class='ocrx_word' id='word_1_53' title='bbox 2565 1082 2774 1149; x_wconf 88' lang='lat' dir='ltr'>colum-</span> 
     </span>
     <span class='ocr_line' id='line_1_9' title="bbox 466 1187 2772 1273; baseline -0.001 -20"><span class='ocrx_word' id='word_1_54' title='bbox 466 1209 566 1253; x_wconf 83' lang='lat' dir='ltr'>nae</span> <span class='ocrx_word' id='word_1_55' title='bbox 610 1188 955 1255; x_wconf 82' lang='lat' dir='ltr'>videantur</span> <span class='ocrx_word' id='word_1_56' title='bbox 1000 1188 1305 1254; x_wconf 86' lang='lat' dir='ltr'>ecclesiae.</span> <span class='ocrx_word' id='word_1_57' title='bbox 1398 1190 1496 1255; x_wconf 90' lang='lat' dir='ltr'>Tu</span> <span class='ocrx_word' id='word_1_58' title='bbox 1541 1190 1772 1273; x_wconf 83' lang='lat' dir='ltr'>igitur,</span> <span class='ocrx_word' id='word_1_59' title='bbox 1817 1210 1968 1255; x_wconf 78' lang='lat' dir='ltr'>mea</span> <span class='ocrx_word' id='word_1_60' title='bbox 2011 1190 2356 1268; x_wconf 86' lang='lat' dir='ltr'>sententia,</span> <span class='ocrx_word' id='word_1_61' title='bbox 2399 1194 2577 1255; x_wconf 88' lang='lat' dir='ltr'>recte</span> <span class='ocrx_word' id='word_1_62' title='bbox 2621 1187 2772 1265; x_wconf 80' lang='lat' dir='ltr'>facis,</span> 
     </span>
     <span class='ocr_line' id='line_1_10' title="bbox 466 1287 2775 1379; baseline -0.001 -20"><span class='ocrx_word' id='word_1_63' title='bbox 466 1293 578 1379; x_wconf 90' lang='lat' dir='ltr'>qui</span> <span class='ocrx_word' id='word_1_64' title='bbox 622 1287 862 1359; x_wconf 81' lang='lat' dir='ltr'>fratres</span> <span class='ocrx_word' id='word_1_65' title='bbox 908 1300 1057 1360; x_wconf 84' lang='lat' dir='ltr'>tuos</span> <span class='ocrx_word' id='word_1_66' title='bbox 1102 1293 1407 1374; x_wconf 73' lang='lat' dir='ltr'>hortariS,</span> <span class='ocrx_word' id='word_1_67' title='bbox 1452 1300 1530 1360; x_wconf 87' lang='lat' dir='ltr'>ut</span> <span class='ocrx_word' id='word_1_68' title='bbox 1574 1294 1854 1361; x_wconf 87' lang='lat' dir='ltr'>turbidis</span> <span class='ocrx_word' id='word_1_69' title='bbox 1899 1314 2218 1379; x_wconf 83' lang='lat' dir='ltr'>aquarum</span> <span class='ocrx_word' id='word_1_70' title='bbox 2265 1295 2418 1359; x_wconf 86' lang='lat' dir='ltr'>rivis</span> <span class='ocrx_word' id='word_1_71' title='bbox 2465 1293 2775 1359; x_wconf 83' lang='lat' dir='ltr'>contemtis</span> 
     </span>
     <span class='ocr_line' id='line_1_11' title="bbox 465 1397 2775 1485; baseline -0.002 -22"><span class='ocrx_word' id='word_1_72' title='bbox 465 1399 736 1465; x_wconf 87' lang='lat' dir='ltr'>fontium</span> <span class='ocrx_word' id='word_1_73' title='bbox 770 1400 1127 1483; x_wconf 84' lang='lat' dir='ltr'>puritatem</span> <span class='ocrx_word' id='word_1_74' title='bbox 1159 1400 1630 1485; x_wconf 82' lang='lat' dir='ltr'>amplexentur,</span> <span class='ocrx_word' id='word_1_75' title='bbox 1679 1400 1744 1465; x_wconf 90' lang='lat' dir='ltr'>id</span> <span class='ocrx_word' id='word_1_76' title='bbox 1779 1408 1880 1467; x_wconf 88' lang='lat' dir='ltr'>est</span> <span class='ocrx_word' id='word_1_77' title='bbox 1911 1406 1984 1466; x_wconf 90' lang='lat' dir='ltr'>ut</span> <span class='ocrx_word' id='word_1_78' title='bbox 2015 1422 2142 1466; x_wconf 87' lang='lat' dir='ltr'>uno</span> <span class='ocrx_word' id='word_1_79' title='bbox 2189 1398 2390 1465; x_wconf 90' lang='lat' dir='ltr'>verbo</span> <span class='ocrx_word' id='word_1_80' title='bbox 2423 1397 2775 1466; x_wconf 79' lang='lat' dir='ltr'>concludam</span> 
     </span>
     <span class='ocr_line' id='line_1_12' title="bbox 464 1504 2774 1587; baseline -0.003 -16"><span class='ocrx_word' id='word_1_81' title='bbox 464 1512 539 1571; x_wconf 89' lang='lat' dir='ltr'>ut</span> <span class='ocrx_word' id='word_1_82' title='bbox 583 1504 909 1571; x_wconf 77' lang='lat' dir='ltr'>Hebraica</span> <span class='ocrx_word' id='word_1_83' title='bbox 953 1506 1019 1571; x_wconf 88' lang='lat' dir='ltr'>in</span> <span class='ocrx_word' id='word_1_84' title='bbox 1070 1506 1139 1570; x_wconf 89' lang='lat' dir='ltr'>V.</span> <span class='ocrx_word' id='word_1_85' title='bbox 1204 1507 1640 1587; x_wconf 84' lang='lat' dir='ltr'>TestamentO,</span> <span class='ocrx_word' id='word_1_86' title='bbox 1705 1512 1774 1571; x_wconf 88' lang='lat' dir='ltr'>et</span> <span class='ocrx_word' id='word_1_87' title='bbox 1819 1505 2068 1571; x_wconf 82' lang='lat' dir='ltr'>Graeca</span> <span class='ocrx_word' id='word_1_88' title='bbox 2114 1506 2180 1569; x_wconf 90' lang='lat' dir='ltr'>in</span> <span class='ocrx_word' id='word_1_89' title='bbox 2224 1505 2402 1570; x_wconf 83' lang='lat' dir='ltr'>Novo</span> <span class='ocrx_word' id='word_1_90' title='bbox 2453 1508 2774 1570; x_wconf 84' lang='lat' dir='ltr'>sectentur.</span> 
     </span>
     <span class='ocr_line' id='line_1_13' title="bbox 467 1608 2774 1697; baseline -0.002 -21"><span class='ocrx_word' id='word_1_91' title='bbox 467 1609 629 1676; x_wconf 88' lang='lat' dir='ltr'>Cum</span> <span class='ocrx_word' id='word_1_92' title='bbox 673 1611 871 1695; x_wconf 85' lang='lat' dir='ltr'>igitur</span> <span class='ocrx_word' id='word_1_93' title='bbox 904 1611 1314 1696; x_wconf 85' lang='lat' dir='ltr'>Neophytum</span> <span class='ocrx_word' id='word_1_94' title='bbox 1348 1611 1647 1697; x_wconf 85' lang='lat' dir='ltr'>aliquem·</span> <span class='ocrx_word' id='word_1_95' title='bbox 1674 1611 1979 1677; x_wconf 86' lang='lat' dir='ltr'>hebraice</span> <span class='ocrx_word' id='word_1_96' title='bbox 2015 1611 2277 1677; x_wconf 86' lang='lat' dir='ltr'>doctum</span> <span class='ocrx_word' id='word_1_97' title='bbox 2323 1617 2558 1677; x_wconf 86' lang='lat' dir='ltr'>nactus</span> <span class='ocrx_word' id='word_1_98' title='bbox 2600 1608 2774 1686; x_wconf 89' lang='lat' dir='ltr'>fuer0,</span> 
     </span>
     <span class='ocr_line' id='line_1_14' title="bbox 464 1714 2774 1798; baseline -0.003 -14"><span class='ocrx_word' id='word_1_99' title='bbox 464 1717 556 1784; x_wconf 82' lang='lat' dir='ltr'>ad</span> <span class='ocrx_word' id='word_1_100' title='bbox 597 1723 665 1783; x_wconf 89' lang='lat' dir='ltr'>te</span> <span class='ocrx_word' id='word_1_101' title='bbox 729 1717 985 1783; x_wconf 82' lang='lat' dir='ltr'>mittam</span> <span class='ocrx_word' id='word_1_102' title='bbox 1039 1719 1093 1798; x_wconf 87' lang='lat'>¹,</span> <span class='ocrx_word' id='word_1_103' title='bbox 1164 1725 1239 1783; x_wconf 92' lang='lat' dir='ltr'>ut</span> <span class='ocrx_word' id='word_1_104' title='bbox 1284 1718 1494 1784; x_wconf 89' lang='lat' dir='ltr'>sribis.</span> <span class='ocrx_word' id='word_1_105' title='bbox 1586 1718 1685 1783; x_wconf 92' lang='lat' dir='ltr'>Tu</span> <span class='ocrx_word' id='word_1_106' title='bbox 1730 1718 1981 1783; x_wconf 87' lang='lat' dir='ltr'>interea</span> <span class='ocrx_word' id='word_1_107' title='bbox 2041 1716 2150 1789; x_wconf 77' lang='lat' dir='ltr'>fac</span> <span class='ocrx_word' id='word_1_108' title='bbox 2196 1715 2401 1782; x_wconf 89' lang='lat' dir='ltr'>libros</span> <span class='ocrx_word' id='word_1_109' title='bbox 2448 1714 2774 1781; x_wconf 85' lang='lat' dir='ltr'>Hebraicos</span> 
     </span>
     <span class='ocr_line' id='line_1_15' title="bbox 461 1821 2774 1909; baseline -0.003 -21"><span class='ocrx_word' id='word_1_110' title='bbox 461 1828 717 1890; x_wconf 87' lang='lat' dir='ltr'>mature</span> <span class='ocrx_word' id='word_1_111' title='bbox 750 1822 1079 1903; x_wconf 86' lang='lat' dir='ltr'>corrodas,</span> <span class='ocrx_word' id='word_1_112' title='bbox 1128 1822 1554 1909; x_wconf 87' lang='lat' dir='ltr'>undecunque</span> <span class='ocrx_word' id='word_1_113' title='bbox 1587 1824 1860 1909; x_wconf 67' lang='lat' dir='ltr'>poteris:</span> <span class='ocrx_word' id='word_1_114' title='bbox 1903 1823 2062 1889; x_wconf 86' lang='lat' dir='ltr'>Vale</span> <span class='ocrx_word' id='word_1_115' title='bbox 2111 1827 2180 1890; x_wconf 87' lang='lat' dir='ltr'>et</span> <span class='ocrx_word' id='word_1_116' title='bbox 2209 1842 2310 1887; x_wconf 90' lang='lat' dir='ltr'>me</span> <span class='ocrx_word' id='word_1_117' title='bbox 2355 1842 2524 1888; x_wconf 82' lang='lat' dir='ltr'><strong>ama.</strong></span> <span class='ocrx_word' id='word_1_118' title='bbox 2565 1821 2774 1886; x_wconf 83' lang='lat' dir='ltr'>Datum</span> 
     </span>
     <span class='ocr_line' id='line_1_16' title="bbox 465 1927 1339 1996; baseline -0.001 0"><span class='ocrx_word' id='word_1_119' title='bbox 465 1928 675 1996; x_wconf 84' lang='lat' dir='ltr'><strong>Ulmae</strong></span> <span class='ocrx_word' id='word_1_120' title='bbox 725 1934 781 1993; x_wconf 89' lang='lat'>5.</span> <span class='ocrx_word' id='word_1_121' title='bbox 829 1927 923 1994; x_wconf 87' lang='lat' dir='ltr'>Id.</span> <span class='ocrx_word' id='word_1_122' title='bbox 970 1929 1112 1995; x_wconf 77' lang='lat' dir='ltr'>Oct.</span> <span class='ocrx_word' id='word_1_123' title='bbox 1168 1934 1339 1995; x_wconf 85' lang='lat'>1508</span> 
     </span>
     <span class='ocr_line' id='line_1_17' title="bbox 647 2033 1996 2119; baseline 0.001 -20"><span class='ocrx_word' id='word_1_124' title='bbox 647 2036 969 2100; x_wconf 81' lang='lat' dir='ltr'>Gedruckt:</span> <span class='ocrx_word' id='word_1_125' title='bbox 1007 2037 1322 2099; x_wconf 88' lang='lat' dir='ltr'>Schelhorn</span> <span class='ocrx_word' id='word_1_126' title='bbox 1354 2033 1427 2119; x_wconf 86' lang='lat' dir='ltr'>(s.</span> <span class='ocrx_word' id='word_1_127' title='bbox 1461 2034 1546 2119; x_wconf 90' lang='lat' dir='ltr'>o.)</span> <span class='ocrx_word' id='word_1_128' title='bbox 1578 2053 1624 2099; x_wconf 88' lang='lat' dir='ltr'>s.</span> <span class='ocrx_word' id='word_1_129' title='bbox 1663 2040 1810 2099; x_wconf 84' lang='lat'>594.</span> <span class='ocrx_word' id='word_1_130' title='bbox 1849 2040 1996 2100; x_wconf 85' lang='grc'><strong>596.</strong></span> 
     </span>
    </p>
   </div>
   <div class='ocr_carea' id='block_1_4' title="bbox 609 2238 2722 2414">
    <p class='ocr_par' dir='ltr' id='par_1_4' title="bbox 609 2238 2722 2414">
     <span class='ocr_line' id='line_1_18' title="bbox 1551 2238 1717 2307; baseline -0.012 0"><span class='ocrx_word' id='word_1_131' title='bbox 1551 2238 1717 2307; x_wconf 89' lang='lat' dir='ltr'><strong>CIII.</strong></span> 
     </span>
     <span class='ocr_line' id='line_1_19' title="bbox 609 2346 2722 2414; baseline -0.002 -15"><span class='ocrx_word' id='word_1_132' title='bbox 609 2346 823 2414; x_wconf 73' lang='lat' dir='ltr'>(Mosen</span> <span class='ocrx_word' id='word_1_133' title='bbox 835 2349 881 2413; x_wconf 44' lang='grc' dir='ltr'>θ)</span> <span class='ocrx_word' id='word_1_134' title='bbox 2307 2349 2366 2397; x_wconf 85' lang='lat'>31</span> <span class='ocrx_word' id='word_1_135' title='bbox 2409 2346 2540 2397; x_wconf 66' lang='grc' dir='ltr'>σω.</span> <span class='ocrx_word' id='word_1_136' title='bbox 2587 2346 2722 2395; x_wconf 76' lang='lat'><strong>1509.</strong></span> 
     </span>
    </p>
   </div>
   <div class='ocr_carea' id='block_1_5' title="bbox 466 2444 2780 2555">
    <p class='ocr_par' dir='ltr' id='par_1_5' title="bbox 466 2444 2780 2555">
     <span class='ocr_line' id='line_1_20' title="bbox 466 2444 2780 2555; baseline -0.004 -28"><span class='ocrx_word' id='word_1_137' title='bbox 466 2450 963 2555; x_wconf 83' lang='lat' dir='ltr'>Hieronymus</span> <span class='ocrx_word' id='word_1_138' title='bbox 1015 2451 1107 2527; x_wconf 89' lang='lat' dir='ltr'>de</span> <span class='ocrx_word' id='word_1_139' title='bbox 1152 2452 1493 2550; x_wconf 85' lang='lat' dir='ltr'>Eudorff,</span> <span class='ocrx_word' id='word_1_140' title='bbox 1554 2452 1812 2528; x_wconf 88' lang='lat' dir='ltr'>doctor</span> <span class='ocrx_word' id='word_1_141' title='bbox 1857 2464 1928 2526; x_wconf 90' lang='lat' dir='ltr'>et</span> <span class='ocrx_word' id='word_1_142' title='bbox 1975 2452 2185 2527; x_wconf 82' lang='lat' dir='ltr'>miles</span> <span class='ocrx_word' id='word_1_143' title='bbox 2227 2452 2254 2491; x_wconf 79' lang='lat'>²</span> <span class='ocrx_word' id='word_1_144' title='bbox 2298 2478 2397 2525; x_wconf 81' lang='lat' dir='ltr'>an</span> <span class='ocrx_word' id='word_1_145' title='bbox 2439 2444 2780 2525; x_wconf 85' lang='lat' dir='ltr'>Reuchlin</span> 
     </span>
    </p>
   </div>
   <div class='ocr_carea' id='block_1_6' title="bbox 462 2611 2785 3225">
    <p class='ocr_par' dir='ltr' id='par_1_6' title="bbox 462 2611 2785 3225">
     <span class='ocr_line' id='line_1_21' title="bbox 466 2611 2781 2701; baseline -0.005 -16"><span class='ocrx_word' id='word_1_146' title='bbox 466 2616 720 2685; x_wconf 84' lang='lat' dir='ltr'>schickt</span> <span class='ocrx_word' id='word_1_147' title='bbox 766 2617 908 2683; x_wconf 89' lang='lat' dir='ltr'>eine</span> <span class='ocrx_word' id='word_1_148' title='bbox 976 2616 1249 2701; x_wconf 85' lang='lat' dir='ltr'>goldene</span> <span class='ocrx_word' id='word_1_149' title='bbox 1295 2622 1550 2697; x_wconf 85' lang='lat' dir='ltr'>miinze,</span> <span class='ocrx_word' id='word_1_150' title='bbox 1613 2616 1849 2683; x_wconf 88' lang='lat' dir='ltr'><strong>welche</strong></span> <span class='ocrx_word' id='word_1_151' title='bbox 1897 2616 2017 2683; x_wconf 87' lang='lat' dir='ltr'>auf</span> <span class='ocrx_word' id='word_1_152' title='bbox 2069 2616 2186 2681; x_wconf 89' lang='lat' dir='ltr'>der</span> <span class='ocrx_word' id='word_1_153' title='bbox 2231 2615 2415 2680; x_wconf 91' lang='lat' dir='ltr'>einen</span> <span class='ocrx_word' id='word_1_154' title='bbox 2485 2614 2644 2679; x_wconf 89' lang='lat' dir='ltr'>seite</span> <span class='ocrx_word' id='word_1_155' title='bbox 2685 2611 2781 2677; x_wconf 82' lang='lat' dir='ltr'>das</span> 
     </span>
     <span class='ocr_line' id='line_1_22' title="bbox 462 2717 2781 2805; baseline -0.004 -17"><span class='ocrx_word' id='word_1_156' title='bbox 462 2722 601 2788; x_wconf 90' lang='lat' dir='ltr'>bild</span> <span class='ocrx_word' id='word_1_157' title='bbox 661 2722 834 2789; x_wconf 88' lang='lat' dir='ltr'>eines</span> <span class='ocrx_word' id='word_1_158' title='bbox 897 2722 1450 2805; x_wconf 84' lang='lat' dir='ltr'>kreuztragenden</span> <span class='ocrx_word' id='word_1_159' title='bbox 1531 2724 1765 2804; x_wconf 67' lang='lat' dir='ltr'>lowen,</span> <span class='ocrx_word' id='word_1_160' title='bbox 1836 2722 1956 2788; x_wconf 81' lang='lat' dir='ltr'>auf</span> <span class='ocrx_word' id='word_1_161' title='bbox 2013 2722 2130 2788; x_wconf 90' lang='lat' dir='ltr'>der</span> <span class='ocrx_word' id='word_1_162' title='bbox 2199 2720 2447 2785; x_wconf 84' lang='lat' dir='ltr'>andern</span> <span class='ocrx_word' id='word_1_163' title='bbox 2518 2720 2634 2784; x_wconf 83' lang='lat' dir='ltr'>das</span> <span class='ocrx_word' id='word_1_164' title='bbox 2689 2717 2781 2780; x_wconf 82' lang='lat' dir='ltr'>des</span> 
     </span>
     <span class='ocr_line' id='line_1_23' title="bbox 464 2821 2783 2913; baseline -0.004 -20"><span class='ocrx_word' id='word_1_165' title='bbox 464 2828 741 2894; x_wconf 69' lang='lat' dir='ltr'>Petriius</span> <span class='ocrx_word' id='word_1_166' title='bbox 801 2832 1008 2912; x_wconf 72' lang='lat' dir='ltr'>triigt,</span> <span class='ocrx_word' id='word_1_167' title='bbox 1084 2847 1203 2893; x_wconf 85' lang='lat' dir='ltr'>aus</span> <span class='ocrx_word' id='word_1_168' title='bbox 1270 2828 1751 2913; x_wconf 84' lang='lat' dir='ltr'>bewunderung</span> <span class='ocrx_word' id='word_1_169' title='bbox 1826 2828 1933 2895; x_wconf 87' lang='lat' dir='ltr'>fiir</span> <span class='ocrx_word' id='word_1_170' title='bbox 2001 2826 2346 2893; x_wconf 87' lang='lat' dir='ltr'>Reuchlins</span> <span class='ocrx_word' id='word_1_171' title='bbox 2425 2821 2783 2892; x_wconf 72' lang='lat' dir='ltr'>hebriiische</span> 
     </span>
     <span class='ocr_line' id='line_1_24' title="bbox 468 2930 2783 3019; baseline -0.003 -22"><span class='ocrx_word' id='word_1_172' title='bbox 468 2933 874 3017; x_wconf 84' lang='lat' dir='ltr'>grammatik.</span> <span class='ocrx_word' id='word_1_173' title='bbox 968 2934 1058 2998; x_wconf 88' lang='lat' dir='ltr'>Er</span> <span class='ocrx_word' id='word_1_174' title='bbox 1110 2933 1281 2998; x_wconf 86' lang='lat' dir='ltr'>habe</span> <span class='ocrx_word' id='word_1_175' title='bbox 1328 2934 1401 2999; x_wconf 87' lang='lat' dir='ltr'>R.</span> <span class='ocrx_word' id='word_1_176' title='bbox 1465 2956 1584 3000; x_wconf 79' lang='lat' dir='ltr'>vor</span> <span class='ocrx_word' id='word_1_177' title='bbox 1653 2938 1732 3000; x_wconf 94' lang='grc'>10</span> <span class='ocrx_word' id='word_1_178' title='bbox 1789 2935 2023 3019; x_wconf 83' lang='lat' dir='ltr'>jahren</span> <span class='ocrx_word' id='word_1_179' title='bbox 2083 2932 2321 2998; x_wconf 87' lang='lat' dir='ltr'>einmal</span> <span class='ocrx_word' id='word_1_180' title='bbox 2379 2930 2647 3013; x_wconf 86' lang='lat' dir='ltr'>fliichtig</span> <span class='ocrx_word' id='word_1_181' title='bbox 2701 2946 2783 3011; x_wconf 88' lang='lat' dir='ltr'>ge·</span> 
     </span>
     <span class='ocr_line' id='line_1_25' title="bbox 468 3028 2785 3123; baseline -0.003 -20"><span class='ocrx_word' id='word_1_182' title='bbox 468 3039 703 3116; x_wconf 83' lang='lat' dir='ltr'>seben,</span> <span class='ocrx_word' id='word_1_183' title='bbox 758 3038 941 3104; x_wconf 88' lang='lat' dir='ltr'>wolle</span> <span class='ocrx_word' id='word_1_184' title='bbox 989 3060 1119 3103; x_wconf 89' lang='lat' dir='ltr'>nun</span> <span class='ocrx_word' id='word_1_185' title='bbox 1168 3039 1305 3103; x_wconf 87' lang='lat' dir='ltr'>sich</span> <span class='ocrx_word' id='word_1_186' title='bbox 1351 3040 1486 3104; x_wconf 90' lang='lat' dir='ltr'>ihm</span> <span class='ocrx_word' id='word_1_187' title='bbox 1532 3040 1770 3105; x_wconf 82' lang='lat' dir='ltr'>wieder</span> <span class='ocrx_word' id='word_1_188' title='bbox 1813 3040 1882 3104; x_wconf 90' lang='lat' dir='ltr'>in</span> <span class='ocrx_word' id='word_1_189' title='bbox 1928 3040 2315 3123; x_wconf 86' lang='lat' dir='ltr'>erinnerung</span> <span class='ocrx_word' id='word_1_190' title='bbox 2360 3038 2630 3121; x_wconf 88' lang='lat' dir='ltr'>bringen</span> <span class='ocrx_word' id='word_1_191' title='bbox 2675 3028 2785 3099; x_wconf 87' lang='lat' dir='ltr'>und</span> 
     </span>
     <span class='ocr_line' id='line_1_26' title="bbox 466 3138 2785 3225; baseline -0.003 -15"><span class='ocrx_word' id='word_1_192' title='bbox 466 3143 660 3225; x_wconf 86' lang='lat' dir='ltr'>bitte,</span> <span class='ocrx_word' id='word_1_193' title='bbox 726 3144 809 3210; x_wconf 88' lang='lat' dir='ltr'>da</span> <span class='ocrx_word' id='word_1_194' title='bbox 838 3157 945 3209; x_wconf 85' lang='lat' dir='ltr'>&#39;er</span> <span class='ocrx_word' id='word_1_195' title='bbox 1004 3144 1141 3209; x_wconf 87' lang='lat' dir='ltr'>sich</span> <span class='ocrx_word' id='word_1_196' title='bbox 1189 3145 1285 3210; x_wconf 88' lang='lat' dir='ltr'>als</span> <span class='ocrx_word' id='word_1_197' title='bbox 1344 3144 1770 3212; x_wconf 85' lang='lat' dir='ltr'>kaiserlicher</span> <span class='ocrx_word' id='word_1_198' title='bbox 1836 3146 1985 3211; x_wconf 83' lang='lat' dir='ltr'>rath</span> <span class='ocrx_word' id='word_1_199' title='bbox 2046 3145 2214 3210; x_wconf 88' lang='lat' dir='ltr'>nach</span> <span class='ocrx_word' id='word_1_200' title='bbox 2278 3144 2484 3209; x_wconf 86' lang='lat' dir='ltr'>hause</span> <span class='ocrx_word' id='word_1_201' title='bbox 2546 3138 2785 3209; x_wconf 86' lang='lat' dir='ltr'>zuriick·</span> 
     </span>
    </p>
   </div>
   <div class='ocr_carea' id='block_1_7' title="bbox 1613 3306 1649 3345">
    <p class='ocr_par' dir='ltr' id='par_1_7' title="bbox 1613 3306 1649 3345">
     <span class='ocr_line' id='line_1_27' title="bbox 1613 3306 1649 3345; baseline 0 -6"><span class='ocrx_word' id='word_1_202' title='bbox 1613 3306 1649 3345; x_wconf 70' lang='grc'>*</span> 
     </span>
    </p>
   </div>
   <div class='ocr_carea' id='block_1_8' title="bbox 464 3408 2790 4547">
    <p class='ocr_par' dir='ltr' id='par_1_8' title="bbox 464 3408 2790 4547">
     <span class='ocr_line' id='line_1_28' title="bbox 618 3408 2784 3481; baseline -0.003 -20"><span class='ocrx_word' id='word_1_203' title='bbox 618 3417 636 3461; x_wconf 90' lang='grc'>1</span> <span class='ocrx_word' id='word_1_204' title='bbox 683 3413 905 3481; x_wconf 83' lang='lat' dir='ltr'>mittam]</span> <span class='ocrx_word' id='word_1_205' title='bbox 934 3412 1119 3479; x_wconf 61' lang='lat' dir='ltr'>Spitter</span> <span class='ocrx_word' id='word_1_206' title='bbox 1164 3412 1443 3479; x_wconf 77' lang='lat' dir='ltr'>entsprach</span> <span class='ocrx_word' id='word_1_207' title='bbox 1483 3412 1744 3464; x_wconf 87' lang='lat' dir='ltr'>Reuchlin</span> <span class='ocrx_word' id='word_1_208' title='bbox 1788 3413 1903 3463; x_wconf 87' lang='lat' dir='ltr'>dem</span> <span class='ocrx_word' id='word_1_209' title='bbox 1945 3412 2194 3463; x_wconf 83' lang='lat' dir='ltr'>wunsehe</span> <span class='ocrx_word' id='word_1_210' title='bbox 2231 3410 2322 3461; x_wconf 86' lang='lat' dir='ltr'>des</span> <span class='ocrx_word' id='word_1_211' title='bbox 2359 3408 2530 3472; x_wconf 82' lang='lat' dir='ltr'>abtes,</span> <span class='ocrx_word' id='word_1_212' title='bbox 2570 3424 2609 3459; x_wconf 89' lang='lat' dir='ltr'>s.</span> <span class='ocrx_word' id='word_1_213' title='bbox 2648 3412 2784 3457; x_wconf 79' lang='lat' dir='ltr'>unten</span> 
     </span>
     <span class='ocr_line' id='line_1_29' title="bbox 464 3494 2783 3567; baseline -0.005 -15"><span class='ocrx_word' id='word_1_214' title='bbox 464 3518 577 3552; x_wconf 80' lang='lat' dir='ltr'>nm.</span> <span class='ocrx_word' id='word_1_215' title='bbox 622 3501 779 3563; x_wconf 82' lang='lat' dir='ltr'>CXV,</span> <span class='ocrx_word' id='word_1_216' title='bbox 817 3500 913 3550; x_wconf 89' lang='lat' dir='ltr'>den</span> <span class='ocrx_word' id='word_1_217' title='bbox 952 3499 1240 3567; x_wconf 80' lang='lat' dir='ltr'>gesandten</span> <span class='ocrx_word' id='word_1_218' title='bbox 1282 3500 1451 3551; x_wconf 79' lang='lat' dir='ltr'>lebret</span> <span class='ocrx_word' id='word_1_219' title='bbox 1499 3501 1765 3567; x_wconf 83' lang='lat' dir='ltr'>empflehlt</span> <span class='ocrx_word' id='word_1_220' title='bbox 1803 3501 1940 3552; x_wconf 85' lang='lat' dir='ltr'>daun</span> <span class='ocrx_word' id='word_1_221' title='bbox 1979 3500 2242 3567; x_wconf 84' lang='lat' dir='ltr'>Ellenbog</span> <span class='ocrx_word' id='word_1_222' title='bbox 2282 3500 2398 3548; x_wconf 88' lang='lat' dir='ltr'>dem</span> <span class='ocrx_word' id='word_1_223' title='bbox 2439 3494 2647 3549; x_wconf 81' lang='lat' dir='ltr'>Com-ad</span> <span class='ocrx_word' id='word_1_224' title='bbox 2675 3496 2783 3544; x_wconf 80' lang='lat' dir='ltr'>Peu-</span> 
     </span>
     <span class='ocr_line' id='line_1_30' title="bbox 468 3580 2782 3657; baseline -0.005 -18"><span class='ocrx_word' id='word_1_225' title='bbox 468 3591 641 3657; x_wconf 86' lang='lat' dir='ltr'>tinger</span> <span class='ocrx_word' id='word_1_226' title='bbox 688 3593 817 3641; x_wconf 85' lang='lat'>1510</span> <span class='ocrx_word' id='word_1_227' title='bbox 870 3606 960 3639; x_wconf 89' lang='lat' dir='ltr'>zur</span> <span class='ocrx_word' id='word_1_228' title='bbox 1001 3592 1421 3655; x_wconf 78' lang='lat' dir='ltr'>unterstiitzung.</span> <span class='ocrx_word' id='word_1_229' title='bbox 1496 3590 1590 3639; x_wconf 86' lang='lat' dir='ltr'>Est</span> <span class='ocrx_word' id='word_1_230' title='bbox 1639 3590 1796 3641; x_wconf 90' lang='lat' dir='ltr'>homo</span> <span class='ocrx_word' id='word_1_231' title='bbox 1846 3607 1913 3640; x_wconf 71' lang='lat' dir='ltr'>ex</span> <span class='ocrx_word' id='word_1_232' title='bbox 1951 3588 2193 3639; x_wconf 82' lang='lat' dir='ltr'>Hebraeis</span> <span class='ocrx_word' id='word_1_233' title='bbox 2238 3595 2424 3650; x_wconf 73' lang='lat' dir='ltr'>natue,</span> <span class='ocrx_word' id='word_1_234' title='bbox 2481 3585 2576 3636; x_wconf 79' lang='lat' dir='ltr'>sed</span> <span class='ocrx_word' id='word_1_235' title='bbox 2615 3580 2782 3633; x_wconf 88' lang='lat' dir='ltr'>dudum</span> 
     </span>
     <span class='ocr_line' id='line_1_31' title="bbox 469 3667 2782 3745; baseline -0.004 -17"><span class='ocrx_word' id='word_1_236' title='bbox 469 3679 800 3745; x_wconf 79' lang='lat' dir='ltr'>baptismatis</span> <span class='ocrx_word' id='word_1_237' title='bbox 840 3678 981 3727; x_wconf 79' lang='lat' dir='ltr'>sonte</span> <span class='ocrx_word' id='word_1_238' title='bbox 1021 3685 1249 3740; x_wconf 77' lang='lat' dir='ltr'>renatus,</span> <span class='ocrx_word' id='word_1_239' title='bbox 1288 3694 1465 3743; x_wconf 88' lang='lat' dir='ltr'>quem</span> <span class='ocrx_word' id='word_1_240' title='bbox 1500 3677 1928 3729; x_wconf 87' lang='lat' dir='ltr'>doctissimus</span> <span class='ocrx_word' id='word_1_241' title='bbox 1979 3676 2096 3726; x_wconf 89' lang='lat' dir='ltr'>ille</span> <span class='ocrx_word' id='word_1_242' title='bbox 2145 3675 2437 3742; x_wconf 81' lang='lat' dir='ltr'>Capnion</span> <span class='ocrx_word' id='word_1_243' title='bbox 2493 3675 2559 3724; x_wconf 83' lang='lat' dir='ltr'>ad</span> <span class='ocrx_word' id='word_1_244' title='bbox 2597 3686 2688 3722; x_wconf 85' lang='lat' dir='ltr'>nos</span> <span class='ocrx_word' id='word_1_245' title='bbox 2723 3667 2782 3717; x_wconf 81' lang='lat' dir='ltr'>di-</span> 
     </span>
     <span class='ocr_line' id='line_1_32' title="bbox 467 3763 2784 3832; baseline -0.006 -14"><span class='ocrx_word' id='word_1_246' title='bbox 467 3769 620 3830; x_wconf 86' lang='lat' dir='ltr'>rexit,</span> <span class='ocrx_word' id='word_1_247' title='bbox 658 3776 715 3817; x_wconf 87' lang='lat' dir='ltr'>ut</span> <span class='ocrx_word' id='word_1_248' title='bbox 750 3765 984 3816; x_wconf 75' lang='lat' dir='ltr'>hebraici</span> <span class='ocrx_word' id='word_1_249' title='bbox 1022 3766 1281 3816; x_wconf 82' lang='lat' dir='ltr'>sermonis</span> <span class='ocrx_word' id='word_1_250' title='bbox 1316 3767 1806 3832; x_wconf 81' lang='lat' dir='ltr'>pronunciationem</span> <span class='ocrx_word' id='word_1_251' title='bbox 1845 3766 1975 3815; x_wconf 86' lang='lat' dir='ltr'>mihi</span> <span class='ocrx_word' id='word_1_252' title='bbox 2011 3764 2252 3827; x_wconf 78' lang='lat' dir='ltr'>traderet,</span> <span class='ocrx_word' id='word_1_253' title='bbox 2292 3763 2432 3827; x_wconf 87' lang='lat' dir='ltr'>quod</span> <span class='ocrx_word' id='word_1_254' title='bbox 2471 3770 2524 3813; x_wconf 88' lang='lat' dir='ltr'>et</span> <span class='ocrx_word' id='word_1_255' title='bbox 2548 3778 2636 3829; x_wconf 82' lang='lat' dir='ltr'>per</span> <span class='ocrx_word' id='word_1_256' title='bbox 2665 3772 2784 3809; x_wconf 88' lang='lat' dir='ltr'>men·</span> 
     </span>
     <span class='ocr_line' id='line_1_33' title="bbox 466 3848 2788 3917; baseline -0.007 -9"><span class='ocrx_word' id='word_1_257' title='bbox 466 3874 579 3908; x_wconf 80' lang='lat' dir='ltr'>sem</span> <span class='ocrx_word' id='word_1_258' title='bbox 642 3871 779 3905; x_wconf 84' lang='lat' dir='ltr'>nunc</span> <span class='ocrx_word' id='word_1_259' title='bbox 845 3854 1071 3905; x_wconf 85' lang='lat' dir='ltr'>fideliter</span> <span class='ocrx_word' id='word_1_260' title='bbox 1128 3855 1281 3905; x_wconf 82' lang='lat' dir='ltr'>fecit:</span> <span class='ocrx_word' id='word_1_261' title='bbox 1356 3855 1530 3917; x_wconf 84' lang='lat' dir='ltr'>Quum</span> <span class='ocrx_word' id='word_1_262' title='bbox 1588 3872 1714 3906; x_wconf 82' lang='lat' dir='ltr'>vero</span> <span class='ocrx_word' id='word_1_263' title='bbox 1774 3855 1931 3906; x_wconf 82' lang='lat' dir='ltr'>certis</span> <span class='ocrx_word' id='word_1_264' title='bbox 1987 3851 2321 3903; x_wconf 79' lang='lat' dir='ltr'>obstantibus</span> <span class='ocrx_word' id='word_1_265' title='bbox 2386 3852 2561 3901; x_wconf 80' lang='lat' dir='ltr'>causis</span> <span class='ocrx_word' id='word_1_266' title='bbox 2613 3848 2788 3899; x_wconf 81' lang='lat' dir='ltr'>diutius</span> 
     </span>
     <span class='ocr_line' id='line_1_34' title="bbox 470 3938 2790 4012; baseline -0.003 -19"><span class='ocrx_word' id='word_1_267' title='bbox 470 3944 607 4012; x_wconf 81' lang='lat' dir='ltr'>apud</span> <span class='ocrx_word' id='word_1_268' title='bbox 655 3960 752 3994; x_wconf 86' lang='lat' dir='ltr'>nos</span> <span class='ocrx_word' id='word_1_269' title='bbox 801 3959 957 4009; x_wconf 84' lang='lat' dir='ltr'>agere</span> <span class='ocrx_word' id='word_1_270' title='bbox 996 3958 1099 3993; x_wconf 91' lang='lat' dir='ltr'>non</span> <span class='ocrx_word' id='word_1_271' title='bbox 1138 3943 1335 4009; x_wconf 85' lang='lat' dir='ltr'>possit,</span> <span class='ocrx_word' id='word_1_272' title='bbox 1388 3948 1590 3992; x_wconf 84' lang='lat' dir='ltr'>tantum</span> <span class='ocrx_word' id='word_1_273' title='bbox 1629 3942 1794 3992; x_wconf 80' lang='lat' dir='ltr'>Tuam</span> <span class='ocrx_word' id='word_1_274' title='bbox 1843 3948 2082 4008; x_wconf 81' lang='lat' dir='ltr'>rogatam</span> <span class='ocrx_word' id='word_1_275' title='bbox 2130 3939 2297 3989; x_wconf 81' lang='lat' dir='ltr'>habes</span> <span class='ocrx_word' id='word_1_276' title='bbox 2336 3940 2707 3990; x_wconf 76' lang='lat' dir='ltr'>humanitatem</span> <span class='ocrx_word' id='word_1_277' title='bbox 2742 3938 2790 3981; x_wconf 76' lang='lat' dir='ltr'>ut</span> 
     </span>
     <span class='ocr_line' id='line_1_35' title="bbox 468 4023 2787 4099; baseline -0.007 -15"><span class='ocrx_word' id='word_1_278' title='bbox 468 4032 641 4099; x_wconf 81' lang='lat' dir='ltr'>magis</span> <span class='ocrx_word' id='word_1_279' title='bbox 678 4048 781 4083; x_wconf 88' lang='lat' dir='ltr'>non</span> <span class='ocrx_word' id='word_1_280' title='bbox 820 4032 1045 4097; x_wconf 88' lang='lat' dir='ltr'>possim,</span> <span class='ocrx_word' id='word_1_281' title='bbox 1089 4037 1347 4097; x_wconf 80' lang='lat' dir='ltr'>quatenus</span> <span class='ocrx_word' id='word_1_282' title='bbox 1385 4032 1430 4080; x_wconf 90' lang='lat' dir='ltr'>ei</span> <span class='ocrx_word' id='word_1_283' title='bbox 1473 4030 1771 4095; x_wconf 83' lang='lat' dir='ltr'>adjumento</span> <span class='ocrx_word' id='word_1_284' title='bbox 1813 4044 1929 4078; x_wconf 84' lang='lat' dir='ltr'>esse</span> <span class='ocrx_word' id='word_1_285' title='bbox 1967 4029 2117 4090; x_wconf 82' lang='lat' dir='ltr'>velis,</span> <span class='ocrx_word' id='word_1_286' title='bbox 2158 4037 2212 4077; x_wconf 87' lang='lat' dir='ltr'>ut</span> <span class='ocrx_word' id='word_1_287' title='bbox 2249 4029 2523 4081; x_wconf 78' lang='lat' dir='ltr'>servitium</span> <span class='ocrx_word' id='word_1_288' title='bbox 2550 4023 2787 4091; x_wconf 79' lang='lat' dir='ltr'>quoddam</span> 
     </span>
     <span class='ocr_line' id='line_1_36' title="bbox 469 4110 2786 4186; baseline -0.004 -17"><span class='ocrx_word' id='word_1_289' title='bbox 469 4120 744 4171; x_wconf 87' lang='lat' dir='ltr'>honestum</span> <span class='ocrx_word' id='word_1_290' title='bbox 793 4122 1004 4185; x_wconf 80' lang='lat' dir='ltr'>assequi</span> <span class='ocrx_word' id='word_1_291' title='bbox 1057 4120 1239 4186; x_wconf 84' lang='lat' dir='ltr'>possit.</span> <span class='ocrx_word' id='word_1_292' title='bbox 1320 4120 1429 4169; x_wconf 86' lang='lat' dir='ltr'>Der</span> <span class='ocrx_word' id='word_1_293' title='bbox 1476 4118 1618 4169; x_wconf 85' lang='lat' dir='ltr'>brief</span> <span class='ocrx_word' id='word_1_294' title='bbox 1659 4117 2012 4183; x_wconf 82' lang='lat' dir='ltr'>abgedrnckt:</span> <span class='ocrx_word' id='word_1_295' title='bbox 2066 4116 2291 4169; x_wconf 86' lang='lat' dir='ltr'>Conradi</span> <span class='ocrx_word' id='word_1_296' title='bbox 2337 4114 2642 4180; x_wconf 83' lang='lat' dir='ltr'>Peutingeri</span> <span class='ocrx_word' id='word_1_297' title='bbox 2689 4110 2786 4159; x_wconf 87' lang='lat' dir='ltr'>Ser·</span> 
     </span>
     <span class='ocr_line' id='line_1_37' title="bbox 468 4200 2785 4273; baseline -0.005 -15"><span class='ocrx_word' id='word_1_298' title='bbox 468 4224 651 4259; x_wconf 88' lang='lat' dir='ltr'>mones</span> <span class='ocrx_word' id='word_1_299' title='bbox 701 4206 1043 4259; x_wconf 72' lang='lat' dir='ltr'>Convivales.</span> <span class='ocrx_word' id='word_1_300' title='bbox 1118 4208 1396 4258; x_wconf 85' lang='lat' dir='ltr'>Accedunt</span> <span class='ocrx_word' id='word_1_301' title='bbox 1444 4205 1694 4273; x_wconf 82' lang='lat' dir='ltr'>Epistolae</span> <span class='ocrx_word' id='word_1_302' title='bbox 1740 4205 1952 4256; x_wconf 77' lang='lat' dir='ltr'>ineditae</span> <span class='ocrx_word' id='word_1_303' title='bbox 2003 4205 2065 4256; x_wconf 89' lang='lat' dir='ltr'>ed</span> <span class='ocrx_word' id='word_1_304' title='bbox 2113 4206 2175 4257; x_wconf 80' lang='lat' dir='ltr'>G.</span> <span class='ocrx_word' id='word_1_305' title='bbox 2223 4206 2306 4255; x_wconf 91' lang='lat' dir='ltr'>W.</span> <span class='ocrx_word' id='word_1_306' title='bbox 2346 4202 2491 4268; x_wconf 78' lang='lat' dir='ltr'>Zapf.</span> <span class='ocrx_word' id='word_1_307' title='bbox 2557 4200 2785 4265; x_wconf 73' lang='lat' dir='ltr'>Augustae</span> 
     </span>
     <span class='ocr_line' id='line_1_38' title="bbox 475 4280 2783 4362; baseline -0.004 -16"><span class='ocrx_word' id='word_1_308' title='bbox 475 4297 624 4346; x_wconf 81' lang='lat'><strong>1789.</strong></span> <span class='ocrx_word' id='word_1_309' title='bbox 700 4298 836 4362; x_wconf 87' lang='lat' dir='ltr'>Epp.</span> <span class='ocrx_word' id='word_1_310' title='bbox 888 4311 999 4347; x_wconf 84' lang='lat' dir='ltr'>nro.</span> <span class='ocrx_word' id='word_1_311' title='bbox 1049 4294 1149 4345; x_wconf 88' lang='lat' dir='ltr'>VlI</span> <span class='ocrx_word' id='word_1_312' title='bbox 1198 4311 1239 4345; x_wconf 88' lang='lat' dir='ltr'>s.</span> <span class='ocrx_word' id='word_1_313' title='bbox 1298 4297 1395 4345; x_wconf 88' lang='lat'>148</span> <span class='ocrx_word' id='word_1_314' title='bbox 1442 4311 1520 4359; x_wconf 82' lang='lat' dir='ltr'>sq.</span> <span class='ocrx_word' id='word_1_315' title='bbox 1669 4298 1696 4344; x_wconf 82' lang='lat'>2</span> <span class='ocrx_word' id='word_1_316' title='bbox 1749 4294 1974 4346; x_wconf 84' lang='lat' dir='ltr'>Eudorff</span> <span class='ocrx_word' id='word_1_317' title='bbox 2023 4294 2147 4345; x_wconf 81' lang='lat' dir='ltr'>oder</span> <span class='ocrx_word' id='word_1_318' title='bbox 2199 4292 2448 4343; x_wconf 67' lang='lat' dir='ltr'>Endon-ff?</span> <span class='ocrx_word' id='word_1_319' title='bbox 2522 4288 2640 4355; x_wconf 83' lang='lat' dir='ltr'><strong>vgl.</strong></span> <span class='ocrx_word' id='word_1_320' title='bbox 2694 4280 2783 4333; x_wconf 83' lang='lat' dir='ltr'>drei</span> 
     </span>
     <span class='ocr_line' id='line_1_39' title="bbox 468 4375 2784 4453; baseline 0.002 -20"><span class='ocrx_word' id='word_1_321' title='bbox 468 4382 722 4433; x_wconf 69' lang='lat' dir='ltr'>schrift-,en</span> <span class='ocrx_word' id='word_1_322' title='bbox 764 4383 935 4433; x_wconf 81' lang='lat' dir='ltr'>dieses</span> <span class='ocrx_word' id='word_1_323' title='bbox 987 4390 1137 4433; x_wconf 84' lang='lat' dir='ltr'>sonst</span> <span class='ocrx_word' id='word_1_324' title='bbox 1174 4399 1313 4449; x_wconf 80' lang='lat' dir='ltr'>ganz</span> <span class='ocrx_word' id='word_1_325' title='bbox 1378 4382 1754 4436; x_wconf 79' lang='lat' dir='ltr'>unbekannten</span> <span class='ocrx_word' id='word_1_326' title='bbox 1791 4398 2009 4439; x_wconf 68' lang='lat' dir='ltr'>man-nes</span> <span class='ocrx_word' id='word_1_327' title='bbox 2069 4382 2156 4440; x_wconf 79' lang='lat' dir='ltr'>bei</span> <span class='ocrx_word' id='word_1_328' title='bbox 2195 4379 2415 4445; x_wconf 70' lang='lat' dir='ltr'>wellet,</span> <span class='ocrx_word' id='word_1_329' title='bbox 2464 4375 2784 4453; x_wconf 64' lang='lat' dir='ltr'>repertorium</span> 
     </span>
     <span class='ocr_line' id='line_1_40' title="bbox 474 4470 1721 4547; baseline -0.002 -24"><span class='ocrx_word' id='word_1_330' title='bbox 474 4471 934 4547; x_wconf 78' lang='lat' dir='ltr'>typographicum.</span> <span class='ocrx_word' id='word_1_331' title='bbox 1012 4470 1133 4533; x_wconf 75' lang='lat' dir='ltr'>Nm.</span> <span class='ocrx_word' id='word_1_332' title='bbox 1178 4474 1329 4539; x_wconf 81' lang='lat'>2410,</span> <span class='ocrx_word' id='word_1_333' title='bbox 1371 4472 1527 4545; x_wconf 79' lang='lat'><strong>3386,</strong></span> <span class='ocrx_word' id='word_1_334' title='bbox 1567 4474 1721 4531; x_wconf 79' lang='lat'><strong>338⁷,</strong></span> 
     </span>
    </p>
   </div>
  </div>
 </body>
</html>
