2950 5042
1558 427 1643 495 60

431 613 602 684 diret
665 623 734 685 et
775 616 1100 686 missionis
1157 617 1539 685 mandatum
1606 618 2115 704 praestolaretur.
2206 618 2425 686 Rediit
2486 619 2577 687 ad
2646 619 2777 688 nos

434 744 629 810 quam
657 745 854 790 manu
897 725 1110 794 laetus
1155 725 1561 810 apprehendi
1607 725 2025 808 psalmorum·
2050 745 2273 810 graecae
2318 726 2551 811 linguae
2598 726 2778 794 liber

433 830 674 896 redibit
729 837 796 896 et
853 830 940 896 ad
997 837 1064 896 te
1126 831 1280 898 dum
1317 832 1623 916 jusseris,
1674 837 1927 914 emptus
1974 831 2098 896 tibi
2146 831 2379 897 Salmo.
2471 833 2610 899 Nec
2664 835 2779 900 Jo-

439 936 585 1002 doci
629 957 840 1022 neque
888 937 1196 1002 Reinardi
1240 937 1694 1021 negligentiam
1742 936 2099 1017 accusabis,
2146 937 2301 1002 dum
2346 938 2779 1023 deligentiam

435 1049 502 1109 et
557 1040 751 1107 fidem
811 1041 879 1107 in
941 1042 1292 1126 discipulos
1347 1063 1499 1108 suos
1544 1041 1804 1108 fidelem
1862 1041 2226 1109 exhibuisti.
2316 1045 2452 1128 Ego
2500 1045 2779 1130 quidem

433 1168 644 1233 spero,
689 1169 810 1214 nos
855 1168 934 1212 ea
979 1149 1045 1213 in
1091 1169 1162 1214 re
1208 1153 1359 1214 voto
1402 1154 1519 1214 'tuo
1568 1148 1843 1233 gessisse
1890 1168 2164 1230 morem,
2220 1149 2275 1214 si
2320 1151 2609 1216 animum
2666 1173 2781 1216 no-

435 1260 644 1319 strum
704 1253 1036 1319 intuearis.
1131 1253 1243 1319 Sin
1297 1275 1450 1320 casu
1514 1255 1794 1338 quodam
1856 1254 2135 1320 adverso
2204 1277 2391 1321 secus
2454 1257 2781 1333 evenerit,

435 1360 532 1425 ita
571 1360 824 1425 eveniet
853 1365 928 1424 ut
973 1359 1284 1426 nolumus
1377 1359 1472 1424 Tu
1520 1359 1735 1424 nescio
1770 1381 1898 1444 qua
1944 1360 2045 1424 vel
2092 1359 2319 1426 fraude
2365 1360 2466 1426 vel
2518 1363 2784 1427 astutia

435 1465 643 1531 nostri
701 1463 1121 1548 condiscipuli
1183 1465 1492 1547 (dicerem
1552 1467 1765 1530 verius
1811 1466 2260 1550 praeceptoris)
2324 1466 2612 1551 religiosi
2664 1468 2784 1534 Jo-

433 1569 619 1636 annis
653 1569 790 1635 Cun
816 1571 839 1608 ¹
902 1568 1189 1650 effecisti,
1222 1575 1296 1635 ut
1328 1571 1411 1634 ad
1444 1591 1559 1634 nos
1592 1570 1839 1635 rediret
1870 1577 2133 1655 optatus
2166 1593 2417 1636 summa
2448 1573 2781 1640 aviditate

437 1675 766 1759 virginalis
814 1697 1070 1756 eumue,
1119 1677 1229 1761 qui
1273 1681 1494 1740 tamen
1542 1682 1780 1760 praeter
1825 1699 2069 1742 morem
2131 1677 2499 1762 aucupandi
2546 1678 2785 1761 libros,

435 1803 625 1868 quem
672 1803 713 1847 a
758 1787 843 1863 te,
889 1803 1019 1848 non
1066 1781 1229 1861 dico,
1274 1781 1614 1847 didicimus
1662 1782 1776 1847 sed
1808 1782 2187 1861 audivimuS‚
2232 1783 2476 1850 redibit
2505 1790 2779 1852 maturo

435 1894 502 1953 et
547 1892 772 1972 optato
820 1892 1129 1970 tempore.
1222 1887 1320 1952 Ne
1378 1888 1532 1973 quid
1580 1894 1798 1953 tamen
1845 1889 2063 1968 nimis,
2131 1888 2253 1955 hoc
2302 1895 2403 1956 est
2446 1911 2527 1955 ne
2577 1891 2782 1958 nimis

433 1993 517 2058 ad
577 1991 998 2077 repetendum
1045 1992 1388 2058 acceleres.
1484 1993 1580 2057 Tu
1639 1993 1915 2059 hebraeis
1982 1995 2238 2061 interea
2282 1995 2499 2060 fruere
2547 2001 2780 2082 teque,

436 2099 533 2164 uti
582 2098 675 2163 eis
721 2096 964 2180 gaudes
1010 2102 1219 2163 totum
1267 2098 1605 2162 devoveas.
1697 2099 1963 2165 Utinam
1995 2121 2111 2166 nos
2157 2106 2343 2166 tanta
2390 2104 2783 2185 oppurtuni-

438 2209 576 2269 tate
622 2223 700 2269 ac
744 2202 958 2269 fructu
1005 2203 1395 2286 graecanicis
1426 2203 1739 2268 inservire
1770 2225 2128 2288 possemus.
2218 2206 2496 2273 Voluisti
2528 2213 2783 2290 autem,

434 2314 509 2386 ut
539 2307 771 2393 vigilio
807 2307 832 2346 ²
864 2314 1086 2374 uterer
1117 2307 1202 2374 ad
1231 2308 1593 2390 fovendam,
1625 2330 1753 2376 non
1784 2309 1931 2376 dico
1964 2311 2347 2395 explendam
2380 2313 2787 2380 edacitatem

1598 2437 1635 2474 -κ-

429 2503 536 2556 und
585 2503 892 2571 gedichten,
942 2519 1001 2554 so
1037 2501 1275 2555 «Ioannes
1325 2503 1745 2556 carthusiensis:
1792 2506 1964 2558 Nosce
2018 2509 2282 2574 teipsum
2320 2506 2591 2569 Heidelb„
2629 2512 2775 2562 1489

427 2596 484 2644 in
521 2593 599 2656 40,
643 2591 728 2642 die
781 2579 1274 2644 Lucubratiuneulae
1328 2592 1420 2642 des
1469 2595 1622 2643 Peter
1677 2594 1862 2644 Sebott
1914 2594 2021 2645 und
2073 2595 2453 2646 verschiedene
2507 2595 2774 2649 schriften

432 2681 801 2748 wimpfelings
854 2680 982 2748 (vgl.
1038 2682 1292 2748 Riegger,
1345 2683 1685 2731 Amaenitates
1734 2683 1814 2733 lit.
1869 2683 2043 2734 Frieb.
2084 2685 2137 2735 11
2184 2699 2226 2734 s,
2274 2689 2388 2746 174,
2448 2687 2563 2747 180,
2616 2690 2773 2755 229).

429 2774 489 2823 In
527 2770 619 2820 der
655 2769 842 2820 schrift
876 2768 968 2820 des
1005 2771 1242 2820 Joannes
1279 2769 1595 2824 Kierherus:
1650 2769 2023 2822 conviviorum
2058 2773 2183 2826 libri
2217 2773 2319 2825 duo
2362 2773 2570 2840 (Speier
2614 2776 2779 2841 1508)

427 2859 596 2912 heisst
631 2875 712 2910 er:
768 2858 1074 2923 Theologus
1112 2864 1410 2909 sanctorum
1451 2859 1700 2910 Germani
1738 2867 1789 2909 et
1824 2860 2073 2912 Maurieii
2116 2861 2265 2928 Spire
2304 2862 2595 2914 eanonicus
2636 2863 2777 2928 (was

428 2965 513 3012 er,
567 2948 666 2998 wie
718 2963 814 2997 aus
863 2963 1105 2998 unserem
1156 2948 1320 2999 briefe
1365 2948 1719 3014 hervorgeht,
1760 2949 1925 3000 sehon
1970 2952 2101 3000 1499
2139 2965 2381 3016 geweseu
2425 2951 2546 3017 ist);
2604 2953 2776 3004 wim-

428 3037 634 3104 pfeling
671 3036 815 3086 zahlt
849 3036 940 3086 ibn
981 3039 1074 3086 auf
1103 3042 1254 3086 unter
1293 3037 1390 3086 den
1429 3036 1690 3102 Theologi
1728 3037 2086 3102 probatissimi
2125 3044 2281 3103 atque
2330 3039 2777 3092 excellentissimi

430 3127 521 3190 qui
556 3125 612 3174 in
651 3124 964 3174 Alemannis.
1001 3123 1116 3174 sola
1155 3126 1434 3189 insigniter
1471 3125 1645 3175 studio
1686 3133 1737 3174 et
1776 3126 2013 3176 doctrina
2048 3127 2385 3192 profecerunt
2416 3127 2777 3194 (abgedruekt

428 3212 515 3264 bei
558 3213 784 3278 Riegger
821 3212 872 3261 11
912 3227 952 3261 s,
993 3213 1135 3278 359).
1200 3212 1329 3262 Eine
1368 3213 1491 3262 rede
1530 3229 1631 3262 von
1669 3214 1778 3263 ihm
1834 3215 1887 3263 in
1926 3215 2131 3280 synodo
2169 3215 2403 3282 Spirensi
2441 3219 2667 3285 (1489?)
2709 3219 2781 3269 ist
2870 3274 2873 3277 ,
2948 3227 2950 3246 ³

433 3299 762 3367 abgedruckt
808 3298 895 3349 bei
945 3299 1175 3366 Riegger
1211 3317 1253 3350 s.
1311 3302 1406 3350 175
1450 3302 1529 3362 ff.;
1584 3303 1699 3351 eine
1749 3303 1969 3357 andere:
2023 3303 2386 3369 Monopolium
2438 3310 2487 3354 et
2538 3306 2773 3357 societas

432 3371 592 3456 vulgo
633 3388 724 3439 des
762 3386 1110 3440 leichtsehiffs
1149 3391 1331 3452 (1488)
1371 3390 1562 3439 zuletzt
1610 3391 1698 3439 bei
1738 3391 1998 3441 Zarncke:
2054 3391 2140 3440 die
2178 3385 2463 3442 deutschen
2504 3395 2765 3445 universi-

429 3483 574 3528 taten
613 3478 685 3527 im
723 3476 1030 3528 mittelalter
1073 3479 1222 3541 1857,
1270 3479 1295 3527 1
1331 3493 1374 3527 s.
1417 3479 1481 3528 51
1537 3479 1621 3529 bis
1661 3482 1746 3528 61.
1824 3480 1909 3529 Sie
1958 3478 2244 3530 behandelt
2299 3480 2383 3530 die
2434 3481 2769 3548 vorstellung

427 3582 534 3640 von
560 3567 731 3619 einem
755 3565 940 3617 schiffe
968 3581 1062 3616 zur
1086 3565 1369 3616 aufnahme
1395 3567 1527 3617 aller
1568 3568 1823 3618 ruinirten
1848 3569 1957 3618 und
1984 3567 2326 3618 liederlicben
2364 3569 2625 3634 gesellen‚
2666 3571 2775 3621 und

427 3654 518 3706 hat
541 3654 813 3706 vielleieht
830 3655 990 3705 Brant
1009 3654 1094 3704 bei
1121 3655 1319 3705 seinem
1345 3656 1699 3706 narrenschiff
1720 3672 1838 3705 zum
1859 3656 2265 3706 unmittelbaren
2288 3656 2496 3708 vorbild
2536 3659 2771 3724 gedient.

576 3749 597 3794 1
641 3743 916 3795 Johannes
963 3743 1107 3794 Cono
1159 3742 1318 3810 (cun)
1365 3744 1485 3810 geb.
1538 3746 1590 3793 in
1640 3745 1918 3810 Niirnberg
1962 3747 2115 3808 1463,
2169 3746 2225 3794 in
2274 3745 2463 3798 Italien
2514 3745 2769 3813 gebildess

428 3832 637 3883 sehiiler
687 3832 777 3882 des
827 3832 1046 3882 Markus
1087 3834 1332 3882 Musurus
1379 3834 1434 3881 in
1473 3831 1659 3884 Padua
1711 3832 1870 3900 [dann
1921 3834 2113 3884 monoh
2165 3835 2220 3882 in
2256 3835 2439 3900 Speier
2470 3851 2530 3896 s.
2582 3835 2767 3886 diesen

427 3921 568 3971 brief
599 3921 709 3971 und
747 3927 908 3971 unten
949 3923 1014 3970 28
1053 3921 1204 3971 Febr.
1255 3920 1430 3990 1501]‚
1479 3921 1679 3971 kommt
1726 3921 1894 3974 durch,
1935 3922 2279 3987 vermittlung
2313 3923 2633 3986 ReuchlinS,
2682 3925 2776 3975 auf

426 4009 765 4076 empfehlung
802 4008 1105 4071 Pellikans,
1141 4009 1278 4060 nach
1316 4010 1502 4070 Basel,
1546 4027 1625 4060 wo
1666 4027 1720 4060 er
1760 4011 1838 4060 als
1880 4015 2075 4074 „ei-ster
2113 4009 2238 4076 gilt,
2287 4010 2378 4060 der
2416 4010 2502 4060 die
2539 4012 2766 4076 griechi-

427 4098 589 4148 schen
629 4111 812 4146 musen
852 4097 1153 4162 eingefiihrt
1189 4098 1332 4161 hat“,
1371 4099 1423 4147 in
1463 4098 1919 4150 Joh.Amerbachs
1957 4099 2092 4149 haus
2116 4099 2316 4166 (1509),
2358 4097 2546 4150 dessen
2600 4101 2766 4152 sohne

373 4186 380 4192 ’
426 4184 535 4234 und
584 4184 758 4251 einige
810 4186 1001 4236 andere
1044 4186 1213 4252 junge
1261 4190 1502 4250 manner,
1554 4188 1652 4236 wie
1704 4189 1898 4238 Beatus
1948 4186 2259 4251 Rhenanus,
2310 4203 2365 4238 er
2418 4190 2766 4240 unterrichtet

429 4271 520 4339 [ist
567 4271 686 4322 dem
739 4273 1033 4324 Amerbaoh
1081 4273 1168 4324 bei
1223 4275 1411 4326 dessen
1465 4276 1695 4342 ausgabe
1746 4275 1837 4325 des
1885 4276 2242 4342 Hieronymus
2291 4275 2567 4327 behilflich
2615 4295 2657 4328 s.
2714 4295 2759 4328 u.

427 4363 491 4408 27
531 4358 660 4408 Juni
706 4361 837 4412 1509
877 4363 1050 4428 anm.],
1089 4362 1230 4412 starb
1272 4367 1336 4414 20
1373 4365 1529 4416 Febr.
1577 4365 1725 4414 1513.
1792 4364 1905 4430 Vgl.
1950 4364 2194 4414 Fechter:
2235 4365 2547 4416 Bonifaeius
2585 4367 2759 4416 Amer-

425 4446 561 4498 bach
600 4448 652 4496 in
693 4447 844 4500 beitr.
883 4465 926 4499 z.
967 4449 1150 4500 vaterl.
1189 4451 1368 4517 geseh.
1421 4452 1593 4516 Basel,
1633 4455 1780 4504 1843.
1810 4457 1837 4506 2
1878 4453 2018 4505 band
2045 4468 2084 4504 ε.
2122 4456 2217 4506 180
2242 4452 2325 4505 bis
2359 4456 2476 4506 182.
2588 4457 2617 4506 2
2650 4453 2760 4512 Vit-

426 4535 562 4614 gilio
603 4534 876 4606 (wacker)
915 4537 1022 4607 vgl.
1062 4539 1136 4613 fg.
1173 4539 1235 4606 N.
1608 4525 1621 4538 ’
2140 4545 2143 4547 ’
