2950 5042
1289 375 1421 442 319

188 566 615 652 tranquilliori
674 567 891 633 animo
956 563 1407 651 philosophari
1501 585 1756 652 queam.
1849 562 2042 650 Apud
2119 583 2238 632 nos
2291 568 2524 649 regnat

183 674 399 757 pestis,
468 679 699 758 regnat
756 672 1247 738 victoriosorum
1303 671 1609 750 vindicta,
1669 677 1899 754 regnat
1964 668 2234 748 invidia,
2289 673 2522 754 regnat

183 779 491 845 bonorum
540 779 894 866 oppressio,
940 783 1167 860 regnat
1196 778 1552 856 concussio,
1573 775 1909 860 praecessit
1953 774 2160 840 fames
2197 777 2239 854 ²,
2294 793 2528 859 sequu-

182 889 284 950 tus
330 891 434 950 est
478 883 764 968 gladius;
814 881 1141 950 concludit
1204 881 1598 967 pestilentia.
1666 880 1978 966 Quodque
2027 882 2238 965 majus
2284 879 2528 946 malum

181 997 295 1071 est,
342 991 625 1058 factione
686 989 946 1056 laborat
998 993 1141 1054 tota
1200 987 1336 1055 fere
1396 993 1626 1055 nostra
1685 993 1882 1066 terra,
1931 1007 2078 1054 oum
2123 987 2344 1070 plures
2389 987 2524 1052 sint

180 1095 287 1180 qui
332 1117 463 1162 aere
512 1095 724 1162 alieno
773 1102 841 1161 et
884 1099 1271 1180 paupertate
1316 1099 1720 1180 premantur,
1765 1113 1964 1179 quam
2029 1093 2142 1178 qui
2185 1089 2521 1160 abundent

178 1201 473 1284 pecunia,
522 1206 592 1266 et
635 1200 809 1286 vulgi
840 1200 929 1266 sit
959 1199 1266 1279 studium,
1315 1198 1597 1284 praedari
1641 1220 1720 1265 ac
1772 1199 2044 1265 divitum
2092 1196 2526 1266 substantiam

182 1326 435 1389 rapere,
480 1306 666 1390 cujus
696 1311 1011 1384 autorem,
1058 1303 1203 1391 pari
1250 1302 1594 1370 affectione
1638 1303 2006 1389 praeditum,
2056 1303 2284 1370 ducem
2319 1324 2528 1383 suum,

178 1409 542 1495 perdidere.
631 1408 787 1476 Inde
834 1409 949 1474 illa
994 1409 1326 1494 cogitatio,
1381 1429 1664 1495 quonam
1728 1408 1920 1476 modo
1978 1409 2232 1494 possint
2275 1407 2518 1476 Princi-

176 1537 323 1600 pem
388 1501 721 1584 latronnm
755 1513 782 1554 ⁸
836 1532 1247 1602 recuperare.
1309 1514 1498 1594 Quod
1555 1515 1680 1581 nisi
1737 1520 1928 1592 caute
1975 1514 2316 1600 provideat
2360 1536 2512 1600 pru·

180 1622 338 1688 dens
398 1620 864 1689 confoederatio
901 1621 957 1701 ⁸3
1004 1626 1221 1686 actum
1268 1627 1369 1688 est
1415 1621 1497 1688 de
1545 1621 1842 1689 omnibus
1888 1619 2074 1687 bonis
2121 1621 2276 1687 viris
2322 1627 2522 1706 atque

178 1725 423 1812 probis,
464 1725 1052 1810 wirtembergense
1084 1726 1488 1793 territorium
1535 1725 2002 1792 habitantibus.
2066 1725 2208 1804 Qua
2253 1731 2524 1811 propter

180 1853 347 1900 nunc
381 1831 755 1899 Danubium
787 1853 889 1898 me
937 1830 1217 1912 conser0,
1257 1839 1327 1900 et
1356 1831 1738 1919 Ingolstadii
1771 1831 1796 1869 ⁴
1844 1832 2166 1916 tantisper
2195 1853 2341 1898 cum
2375 1829 2523 1896 doc-

182 1940 263 2005 tis
312 1938 647 2017 versabor,
695 1936 847 2002 dum
896 1935 1119 2003 videro
1150 1942 1439 2004 mutatas
1486 1958 1609 2002 res.
1667 1935 1768 2002 Ad
1815 1957 1916 2002 me
1961 1937 2159 2020 igitur
2189 1943 2338 2003 tuas
2384 1936 2526 2003 lite-

183 2065 308 2125 ras,
358 2044 414 2111 si
462 2042 721 2128 quando
770 2041 1176 2127 perscribere
1226 2043 1419 2123 voles,
1481 2040 1944 2127 Ingolstadium
1992 2041 2234 2108 mittito
2283 2065 2412 2129 quo
2457 2045 2525 2110 in

180 2149 319 2216 loco
368 2147 714 2216 hibernare
762 2147 1055 2233 cogitavi.
1148 2147 1290 2215 Non
1340 2149 1512 2215 enim
1570 2148 1757 2233 potui
1801 2148 2199 2214 commodius
2247 2147 2526 2236 effugere

183 2262 401 2321 tantas
462 2254 887 2334 turbationeS,
951 2255 1075 2319 nisi
1140 2255 1498 2321 autoritate
1575 2254 2048 2340 clementiaque
2107 2253 2525 2321 illustrissimi

189 2362 369 2429 ducis
418 2359 744 2426 Wilhelmi
781 2359 825 2440 ⁵,
874 2360 1179 2445 Bojorum
1226 2361 1558 2447 principis,
1605 2367 1672 2427 et
1723 2360 1930 2426 nostri
1979 2359 2135 2426 belli
2180 2358 2530 2445 imperato·-

183 2467 288 2534 ris.
385 2466 567 2534 Vale.
616 2464 1005 2544 stutgardiae
1054 2471 1091 2530 6
1140 2466 1294 2533 Idus
1343 2459 1960 2546 Novembris,'anno
2015 2471 2202 2532 1519.

729 2571 1059 2637 Johannes
1106 2571 1419 2639 Reuohlin
1464 2572 1854 2638 Phorcensis
1902 2571 2027 2638 LL.
2084 2573 2348 2638 Doctor.

362 2681 685 2742 Gedruckt:
742 2685 771 2742 l
828 2699 912 2739 ===
960 2681 1232 2742 Bilibaldi
1279 2681 1700 2742 Pirckheimeri
1734 2725 1957 2741 .....
1993 2697 2180 2755 opera
2211 2725 2228 2740 .
2262 2724 2279 2741 .
2313 2725 2328 2741 .
2361 2681 2520 2742 edita

183 2803 219 2846 a
262 2787 581 2848 Melchiore
626 2785 909 2848 Goldasto
942 2832 956 2848 .
993 2833 1008 2848 .
1042 2785 1409 2850 Francoforti
1479 2790 1680 2862 1610,
1729 2805 1776 2848 s,
1840 2789 1988 2848 263.
2083 2785 2314 2846 Daraus
2345 2806 2429 2844 =
2464 2790 2523 2864 2,

182 2909 231 2952 v.
281 2894 337 2955 d.
387 2892 603 2953 Hardt:
652 2893 1127 2968 Ingolstadiensis
1176 2894 1429 2955 historia
1471 2894 1776 2955 Renchlini
1827 2894 2017 2954 1519.
2073 2894 2263 2968 1520,
2309 2891 2408 2956 fol.
2463 2897 2520 2954 1.

184 2999 503 3060 Handschr.
551 2998 657 3059 der
700 2999 917 3074 konigl.
964 3000 1225 3062 biblioth.
1272 3002 1334 3060 in
1381 3001 1690 3077 stuttgart,
1722 2999 1855 3059 hist.
1893 2999 2063 3060 2006
2099 2994 2143 3058 ⁶.

1124 3183 1576 3254 CCLXXXVI.

325 3274 639 3342 lngolstadt.
2017 3279 2076 3328 ει
2127 3277 2254 3328 neo.
2297 3278 2450 3329 1519.

397 3364 451 3439 J
453 3391 727 3439 oannes
782 3363 1146 3442 Reuchlin
1203 3391 1301 3439 an
1357 3362 1725 3440 Wilibald
1779 3364 2305 3442 Pirckheimer.

362 3487 523 3572 Fugi
552 3493 821 3574 pestem,
850 3488 985 3574 fugi
1015 3487 1320 3573 gladium,
1353 3489 1597 3554 utinam
1633 3487 1966 3574 effugerim
1997 3490 2267 3556 famem!
2300 3487 2524 3558 Dnrch

1342 3617 1378 3654 2

334 3713 351 3758 1
375 3707 600 3758 Secutus
618 3713 665 3758 2.
740 3707 943 3759 Fames.
971 3707 1170 3758 Hardts
1194 3721 1358 3758 anm:
1384 3722 1492 3759 non
1511 3722 1579 3757 ex
1593 3722 1814 3760 annona
1841 3707 2064 3771 defectu,
2100 3707 2194 3760 sed
2209 3707 2339 3760 luxu
2364 3708 2524 3760 curio

180 3793 347 3846 Ulrici
387 3797 459 3848 ist
496 3797 597 3848 wol
620 3798 1006 3865 ungegriindet.
1152 3801 1179 3846 2
1226 3796 1520 3863 Principem
1547 3794 1826 3865 latronum]
1865 3795 2062 3863 herzog
2087 3796 2296 3850 Ultiohz
2335 3797 2524 3866 haupt-

182 3885 420 3938 sachlieb
462 3886 623 3936 durch
652 3886 796 3936 diese
834 3885 1165 3951 schmiihung
1190 3885 1364 3935 wurde
1394 3885 1641 3950 herzogin
1672 3885 1901 3936 Antonia
1925 3884 2198 3952 bewogen,
2236 3901 2337 3936 von
2358 3887 2526 3938 ihren!

181 3973 365 4041 plane,
404 3975 665 4026 Reuchlin
720 3976 805 4025 ein
860 3973 1105 4024 denknial
1159 3989 1224 4023 zu
1282 3972 1572 4035 errichten',
1615 3973 1935 4036 abzustehn,
1982 3975 2157 4038 Majns
2217 3992 2259 4025 s.
2305 3975 2408 4025 514
2447 3975 2524 4041 fg.

182 4063 211 4110 3
251 4061 513 4130 Confoed.]
553 4063 643 4114 der
679 4062 1041 4114 schwabische
1081 4061 1239 4124 bund,
1278 4061 1463 4112 dessen
1495 4061 1865 4113 befehlshaber
1897 4063 2093 4129 herzog·
2120 4061 2369 4114 wilhelm
2397 4078 2524 4114 war.

182 4154 214 4198 4
250 4150 497 4218 Ingolst.]
537 4151 695 4202 dahin
733 4152 891 4203 reiste
932 4149 1189 4201 Reucblin
1232 4167 1314 4200 am
1353 4153 1383 4200 9
1413 4151 1542 4200 Νον.
1617 4149 1739 4220 Vgl.
1775 4151 1907 4201 iiber
1945 4151 2028 4200 die
2052 4150 2168 4201 hier
2203 4151 2258 4200 in
2283 4149 2528 4202 betracht

181 4237 533 4290 hommendcn
588 4240 959 4302 verhltltnisse‚
1012 4237 1287 4302 Reuchlin,
1325 4253 1367 4288 s.
1406 4239 1509 4288 460
1558 4239 1628 4304 fg.
1777 4240 1808 4288 5
1855 4239 2124 4290 wilhelmi
2171 4242 2212 4291 1.
2363 4241 2394 4290 6
2434 4239 2526 4291 Ich

181 4326 430 4393 begniige
469 4328 607 4378 mich
644 4329 737 4379 mit
775 4329 971 4379 diesem
1008 4328 1326 4394 einmaligeu
1354 4327 1573 4376 verweis
1613 4327 1710 4376 anf
1740 4326 1824 4377 die
1851 4327 2152 4379 hardtischo
2179 4327 2327 4380 nicht
2361 4327 2526 4379 allzu·

180 4431 387 4482 genaue
426 4415 685 4468 abschrift
735 4417 842 4469 und
896 4418 1081 4469 seinen
1119 4414 1564 4480 nichtssagenden
1605 4423 1924 4466 commentar
1974 4433 2039 4467 zu
2090 4415 2207 4467 dem
2261 4415 2526 4472 reuchlin-

180 4505 717 4574 pirckheimerischen
756 4504 1123 4560 briefwechsel
1160 4505 1251 4557 der
1280 4503 1435 4570 jahre
1479 4502 1610 4554 1519
1653 4501 1736 4554 bis
1779 4507 1932 4560 1520.
