2950 5042
1227 412 1358 477 229

184 620 308 664 vero
368 598 653 682 originali
726 601 1167 683 conferentes,
1233 602 1296 666 in
1365 608 1515 669 vota
1580 620 1933 685 paucorum
1996 600 2474 687 deputatorum,

182 726 283 769 non
335 702 624 771 obstante
691 707 862 791 quod
929 708 1254 773 sciverunt
1321 707 1707 773 sententiam
1756 728 1797 771 a
1836 706 2053 793 judice
2114 709 2473 792 apostolico

182 832 296 874 esse
337 809 664 875 diffinitive
712 792 930 888 latam,
1000 820 1066 879 et
1114 812 1291 897 quod
1335 814 1515 897 Papa
1562 833 1789 879 manus
1836 815 2141 898 apposuit
2187 818 2335 879 cum
2379 816 2475 879 in-

179 914 448 980 hibitione
536 917 834 986 omnibus
910 920 1205 1003 personis
1279 926 1348 985 et
1407 917 1770 1003 judicibus,
1850 916 2469 1001 determinaverunt,

178 1028 234 1085 ut
269 1022 463 1105 ajunt,
523 1022 971 1089 doctrinaliter
1027 1024 1272 1089 directe
1331 1030 1562 1089 contra
1610 1024 2001 1089 sententiam
2046 1045 2258 1090 meam
2306 1024 2475 1090 diffi-

175 1127 415 1192 nitivam.
507 1129 665 1207 Quae
727 1130 780 1194 si
829 1130 1134 1196 transivit
1177 1132 1241 1195 in
1291 1152 1426 1195 rem
1465 1129 1830 1215 judicatam
1863 1127 2022 1195 facit
2057 1130 2194 1213 jus;
2242 1130 2297 1195 si
2342 1150 2471 1196 non

175 1234 448 1313 transivit,
511 1240 590 1299 ut
652 1235 776 1319 ipsi
847 1237 1050 1321 ajunt,
1121 1243 1388 1321 propter
1457 1256 1681 1300 eorum
1726 1234 2255 1319 appellationem,
2317 1240 2472 1301 tunc

174 1339 452 1423 pendente
518 1341 986 1425 appellatione,
1047 1349 1122 1407 ut
1177 1343 1331 1427 jura
1393 1341 1643 1418 dicunt,
1706 1340 1863 1405 nihil
1926 1339 2122 1406 debet
2179 1340 2473 1406 innovari

172 1466 340 1529 neque
384 1447 786 1530 attemptari.
878 1449 963 1513 Et
1009 1448 1162 1533 quia
1210 1448 1416 1513 solum
1465 1449 1690 1511 tenent
1734 1445 2240 1529 appellationem
2286 1467 2471 1512 suam

172 1549 418 1614 frivolam
468 1551 534 1615 in
585 1572 916 1635 suspense,
961 1559 1037 1618 ut
1067 1574 1168 1617 me
1200 1553 1453 1618 interea
1483 1551 1563 1616 de
1596 1550 1787 1631 fact0,
1838 1550 1917 1615 de
1951 1552 2010 1615 vi
2044 1556 2109 1615 et
2140 1551 2467 1633 violentia,

175 1657 316 1739 eujus
377 1678 485 1722 eos
557 1678 683 1721 non
753 1657 953 1741 pudet
1006 1656 1255 1742 plebeis
1301 1657 1746 1723 infamandum
1798 1655 2162 1740 praebeant,
2221 1656 2455 1723 iccirco

175 1783 259 1843 ego
300 1764 707 1847 sanctissimo
770 1762 1027 1829 domino
1085 1769 1310 1829 nostro
1375 1765 1566 1847 Papae
1624 1761 2007 1846 supplicavi,
2070 1767 2143 1826 ut
2204 1783 2471 1829 causam

179 1868 220 1931 in
254 1870 417 1935 curia
463 1872 763 1934 Romana
821 1869 1016 1935 alicui
1075 1892 1153 1935 ex
1211 1869 1767 1935 reverendissimis
1821 1867 2257 1933 cardinalibus
2304 1889 2476 1933 com-

172 1976 363 2056 mittat,
433 1982 506 2041 ut
575 1975 835 2041 videant
904 1976 1294 2041 sententiam
1351 1994 1563 2040 meam
1611 1972 1995 2039 confirmari.
2088 1974 2172 2038 Et
2217 1971 2343 2038 feci
2386 1973 2473 2039 ad

169 2080 259 2146 hoc
299 2082 741 2167 inquisitorem
809 2080 1083 2146 fratrum
1153 2080 1655 2165 praedicatorum
1723 2080 1960 2159 citare,
2027 2084 2102 2143 ut
2164 2099 2473 2163 persona-

169 2186 286 2251 liter
325 2188 543 2253 Romae
612 2192 1025 2271 compareat,
1081 2188 1495 2271 procuratori
1558 2206 1699 2251 meo
1766 2186 1830 2250 in
1876 2184 2141 2270 propria
2186 2205 2467 2269 persona

168 2314 580 2377 responsuruS.
649 2293 750 2359 Ibi
792 2312 981 2377 spero
1019 2294 1248 2357 merito
1275 2291 1466 2357 finem
1497 2312 1751 2357 omnem
1776 2292 1975 2357 totius
2002 2311 2213 2355 causae
2246 2296 2469 2355 nactu-

173 2418 302 2479 rum,
345 2400 479 2464 Deo
533 2405 603 2463 et
655 2400 804 2481 jure
837 2398 1183 2463 mediante.
1278 2399 1493 2476 Quare
1525 2416 1738 2481 neque
1785 2418 1887 2461 me
1933 2416 2141 2480 neque
2188 2394 2473 2479 aliquem

171 2498 386 2570 movere
455 2505 660 2570 debet
708 2504 1165 2570 Parisiensium
1213 2503 1658 2587 theologorum
1706 2502 1816 2586 qui
1864 2522 2085 2567 omnes
2131 2508 2281 2566 sunt
2325 2522 2478 2585 par-

173 2608 328 2677 tiales
384 2611 844 2677 determinatio
903 2610 1307 2675 scholastica.
1401 2610 1563 2687 Quia
1621 2608 1778 2671 nihil
1826 2606 1999 2671 valet
2041 2606 2106 2669 iu
2145 2607 2310 2689 jure,
2358 2626 2476 2669 nec

173 2722 356 2796 potest
431 2718 594 2782 mihi
655 2716 1101 2801 praejudicium
1168 2736 1508 2799 generare,
1572 2712 1688 2779 sed
1743 2712 1965 2797 pocius
2025 2708 2478 2796 praejudicabit

171 2822 524 2889 adversariis
575 2824 685 2907 qui
722 2824 869 2906 jure
916 2844 1032 2887 suo
1081 2842 1206 2887 non
1253 2829 1404 2886 sunt
1449 2818 1689 2898 confisi,
1738 2816 1850 2883 sed
1896 2817 2199 2882 invocant
2229 2821 2475 2898 tempo-

171 2927 312 2993 rales
355 2928 672 3007 dominos,
718 2929 1146 3011 imperatores
1179 2934 1246 2992 et
1277 2948 1460 3010 reges
1500 2928 1520 2964 ²
1569 2924 1680 3009 qui
1708 2924 1775 2987 in
1807 2922 2021 2989 causis
2050 2920 2201 2987 fidei
2230 2920 2473 2985 nullam

171 3030 378 3100 habent
423 3035 856 3119 cognitionem
903 3054 1020 3097 nec
1068 3054 1214 3098 eam
1259 3030 1653 3096 demandare
1699 3035 1815 3094 aut
1867 3028 2269 3094 committere
2330 3048 2476 3111 pos-

172 3146 309 3204 sunt.
407 3139 648 3207 Deficit
702 3160 1019 3224 papyruS,
1082 3159 1284 3223 quare
1341 3157 1543 3203 cesse.
1642 3135 1815 3201 Vale.
1907 3136 2006 3201 Ex
2066 3133 2474 3219 Studgardia.

174 3244 254 3309 die
296 3255 520 3313 octavo
573 3246 873 3313 Octobris
920 3267 1087 3312 anno
1141 3250 1330 3309 1514.

317 3358 460 3417 Mse,
495 3358 805 3431 Ellenbog.
839 3358 936 3417 lib.
969 3356 998 3414 1
1029 3357 1197 3431 epist.
1237 3358 1318 3413 74
1351 3352 1446 3412 fol.
1488 3355 1647 3413 150³
1676 3352 1767 3411 bis
1806 3352 1982 3412 151⁸.

1097 3555 1521 3621 CLXXXXV.
1804 3608 1807 3613 .

290 3648 588 3717 Augsburg.
1979 3640 2041 3688 rs
2082 3638 2205 3690 okt.
2250 3638 2403 3689 1514.

773 3717 1138 3793 Reuchlin
1193 3743 1292 3791 an
1347 3712 1859 3811 Questenberg

177 3865 476 3949 empfiehlt
521 3867 654 3933 ihm
700 3866 1032 3932 nochmals
1079 3862 1656 3949 angelegentlichst
1686 3860 1859 3926 seine
1893 3855 2105 3935 sache,
2152 3854 2313 3920 lasst
2345 3854 2477 3919 ihm

177 3968 350 4037 durch
409 3974 526 4039 das
593 3972 994 4037 welserische
1047 3970 1378 4037 bankhaus
1433 3968 1580 4052 geld
1628 3964 2004 4031 zukommen
2050 3958 2182 4027 und
2228 3958 2479 4026 schickt

176 4072 282 4140 ihm
346 4079 447 4144 die
507 4079 613 4142 fiir
681 4078 856 4143 seine
901 4077 1174 4143 anwiilte
1235 4076 1649 4141 bestimmten
1700 4067 2191 4137 authentischen
2254 4064 2478 4130 akten-

177 4183 389 4249 stiicke.
479 4184 579 4249 Ex
629 4185 917 4267 Angusta
951 4183 993 4263 ²,
1048 4189 1126 4247 18
1178 4182 1318 4247 Oct.
1373 4186 1563 4245 1514.

1288 4332 1326 4367 ὕ

301 4447 320 4489 1
361 4443 462 4495 Der
499 4444 663 4511 konig
701 4461 805 4495 von
847 4444 1170 4495 Frankreich
1213 4441 1371 4492 nahm
1425 4440 1597 4490 direkt
1631 4436 1797 4503 partei
1832 4448 2002 4499 gegen
2038 4431 2329 4496 Reuchlin;
2366 4433 2475 4497 vgl.

181 4524 404 4585 Reuchlin
439 4548 479 4583 s.
522 4536 638 4589 286.
786 4537 813 4586 2
853 4532 970 4585 Wie
1008 4548 1103 4582 aus
1129 4530 1244 4582 dem
1269 4528 1550 4601 folgenden
1575 4525 1713 4577 brief
1732 4524 2064 4593 her-vorgeht,
2104 4536 2212 4575 war
2252 4539 2307 4574 er
2330 4520 2471 4573 nach
