2950 5042
1321 393 1449 461 291

233 591 351 651 tres
405 590 601 671 atque
662 583 957 656 monachi
1021 583 1107 651 ab
1162 585 1309 652 istis
1364 583 1694 652 hominnm
1753 585 2062 652 monstris
2124 586 2237 671 qui
2291 605 2546 654 omnem

231 691 639 758 conditionem
671 690 1027 778 priscorum
1060 691 1526 776 pharisaeorum
1573 693 1637 758 in
1671 713 1742 758 se
1773 690 2024 758 habent
2054 713 2216 777 quos
2247 692 2548 760 Christus

228 819 465 882 semper
506 797 784 863 maximo
830 797 981 863 odio
1030 796 1274 864 habuit.
1368 796 1604 877 Quare,
1661 805 1736 865 ut
1781 797 2086 877 arbitror,
2136 798 2284 882 jam,
2333 797 2548 865 denuo

224 901 302 981 fit,
328 910 402 968 nt
428 909 915 969 contemnentes
934 901 1297 969 Caesaream
1326 901 1738 987 Majestatem
1772 900 1913 987 ejus
1942 902 2051 987 qui
2083 903 2293 988 primo
2316 923 2544 988 pacem

224 1009 391 1074 nobis
434 1029 553 1093 per
611 1009 909 1093 publicas
954 1015 1021 1074 et
1068 1007 1435 1092 publicatas
1485 1007 1711 1076 literas
1759 1007 2188 1074 mandaverat
2239 1008 2548 1075 dixerunt

222 1136 281 1179 se
337 1121 601 1199 propter
666 1113 1039 1198 religionem
1104 1137 1230 1182 non
1308 1121 1611 1199 oportere
1681 1114 2066 1199 Imperatori
2111 1112 2409 1194 obedire,
2477 1113 2548 1179 id

220 1220 372 1304 quod
390 1225 619 1287 contra
652 1220 712 1287 S.
734 1219 1023 1298 Paulum,
1079 1219 1363 1300 „subditi
1387 1223 1406 1260 ¹
1456 1227 1668 1286 estote
1717 1219 1890 1286 omni
1923 1225 2248 1286 creaturae
2295 1225 2364 1286 et
2405 1220 2548 1304 regi

218 1332 505 1410 tanquam
550 1325 1005 1410 praecellenti.“
1102 1325 1654 1410 contempserunt
1721 1331 1790 1390 et
1853 1323 2073 1392 sedem
2119 1325 2544 1408 apostolicam

215 1430 563 1514 pontificem
610 1439 677 1497 et
720 1430 1085 1497 cardinales
1130 1431 1241 1515 qni
1289 1431 1646 1498 autoritate
1677 1430 2054 1514 apostolica
2095 1430 2546 1498 inhibitionem

214 1537 293 1601 eis
334 1537 651 1603 miserunt
700 1544 769 1604 et
830 1535 1128 1603 omnibus
1188 1535 1672 1602 adhaerentibus
1725 1535 2121 1620 publicatam
2185 1536 2306 1602 sub
2373 1557 2545 1622 pena

214 1641 873 1710 excommunicationis
918 1641 1069 1708 lates
1115 1642 1473 1709 sententiae.
1564 1639 1686 1708 Cui
1733 1663 1858 1708 non
1892 1640 2292 1708 obedierunt
2335 1649 2404 1708 et
2449 1641 2546 1708 sic

212 1747 731 1816 excommunicati
776 1747 1113 1814 celebrant
1168 1747 1387 1814 divina
1446 1753 1936 1814 contemnentes
1994 1746 2546 1832 irregularitatem

211 1861 269 1920 et
304 1855 531 1921 volunt
576 1875 697 1940 per
740 1853 861 1920 hoc
908 1852 1271 1932 ostendere,
1321 1873 1516 1938 quam
1549 1873 1676 1920 non
1713 1859 2071 1920 teneantur
2115 1853 2182 1919 in
2212 1853 2336 1920 hoc
2359 1861 2547 1938 papea

208 1961 474 2028 obedire.
537 1959 767 2026 Adboo
813 1959 1125 2025 Astarota
1150 1960 1177 1998 ²
1207 1959 1317 2043 qui
1365 1979 1435 2026 se
1464 1959 1796 2045 appellat:
1843 1980 1961 2026 nos
1991 1959 2216 2040 frater,
2257 1960 2328 2025 in
2377 1959 2543 2025 libro

207 2066 657 2134 invectivarum
740 2065 1055 2132 adversus
1144 2064 1704 2150 archiepiscopum
1782 2065 2193 2131 Nazarenum
2283 2064 2546 2149 allegat.

207 2171 424 2257 Isajam
486 2177 560 2238 et
614 2191 867 2237 sacram
928 2171 1349 2254 scripturam:
1424 2177 1730 2256 „propter
1787 2169 1939 2237 Sion
1963 2169 1990 2210 ³
2022 2191 2150 2236 non
2199 2169 2431 2236 tacebo
2479 2176 2548 2236 et

210 2287 457 2362 propter
527 2277 897 2351 Jerusalem
953 2298 1079 2342 non
1146 2277 1532 2362 quiescam.“
1656 2277 1740 2342 Et
1804 2284 1907 2343 est
1973 2276 2235 2342 omnino
2314 2275 2544 2342 similis

210 2381 455 2450 haeresis
484 2383 715 2450 fratris
740 2381 1111 2467 Hieronymi
1138 2381 1591 2448 Savanarolae⁴
1637 2381 1747 2468 qui
1791 2382 2134 2448 Florentiae
2165 2381 2542 2476 combustus

210 2496 311 2570 est,
356 2499 431 2558 ut
477 2489 721 2556 vidisse
753 2496 939 2574 potes
984 2490 1050 2553 in
1083 2488 1466 2554 confessatis
1501 2499 1567 2554 et
1613 2488 1776 2553 actis
1825 2487 1976 2567 suis,
2025 2488 2125 2553 cui
2173 2487 2299 2553 fuit
2345 2487 2543 2552 etiam

206 2595 311 2660 sub
355 2619 527 2681 pena
594 2591 1269 2660 excommunicationis
1335 2593 1712 2674 inhibitum,
1775 2614 1856 2659 ne
1924 2593 2096 2658 ultra
2140 2591 2543 2684 praedicaret

204 2700 297 2766 ille
342 2709 569 2770 autem
602 2701 903 2767 similiter
949 2699 1227 2780 dicebat,
1274 2723 1459 2786 papae
1505 2701 1570 2766 in
1621 2721 1697 2765 eo
1744 2717 1871 2764 non
1918 2719 2060 2766 esse
2093 2697 2544 2774 obediendum,

206 2814 263 2872 et
316 2808 653 2894 allegabat
699 2829 951 2873 sacram
1000 2793 1425 2892 scripturam:
1475 2803 1875 2892 praedicate⁵
1922 2803 2322 2890 evangelium
2369 2803 2543 2918 omni

206 2921 549 2993 creaturae,
612 2935 754 2998 quae
806 2921 959 2980 tunc
1007 2913 1130 2980 fuit
1178 2913 1441 2978 haeresis
1489 2909 1839 2979 declarata.

364 3019 454 3086 Ut
501 3020 704 3103 igitur
734 3019 801 3084 id
849 3018 1023 3104 quod
1055 3020 1423 3104 superiores
1470 3017 1802 3102 negligunt
1843 3016 2187 3100 corrigere,
2217 3011 2550 3098 corrigant

204 3122 549 3205 inferiores,
589 3124 797 3210 jam,
780 3146 1061 3210 mquam,
1096 3125 1305 3190 denuo
1350 3122 1445 3204 fit,
1509 3129 1584 3188 ut
1629 3145 1755 3188 non
1802 3144 1906 3187 me
1951 3127 2202 3189 tantum
2251 3121 2413 3186 satis
2460 3120 2547 3186 sit

204 3239 415 3298 contra
441 3233 613 3318 phas
640 3238 707 3296 et
743 3232 896 3316 jura
940 3221 1292 3315 per'omne
1336 3251 1539 3314 genus
1588 3230 2021 3296 versutiarum
2055 3227 2341 3308 vexasse,
2369 3227 2544 3312 'quin

202 3337 383 3404 etiam
444 3336 765 3422 incipiant
822 3337 990 3402 viros
1045 3338 1358 3402 maximos
1421 3335 1714 3401 lacerare
1783 3341 1850 3402 et
1897 3335 2217 3402 lacessere
2269 3331 2543 3418 injuriiS,

203 3437 768 3529 Archiepiscopum
817 3441 1250 3522 Nazarenum,
1300 3441 1620 3508 Comitem
1670 3441 1748 3506 de
1797 3441 2094 3521 Nuenar,
2157 3441 2541 3518 Huttenum,

200 3547 674 3636 Cuspinianum,
771 3549 1225 3633 Peutingerum
1272 3555 1338 3614 et
1384 3554 1448 3612 te
1498 3548 1707 3632 ipsum
1778 3569 1924 3612 cum
1991 3546 2136 3612 aliis
2184 3545 2542 3629 praeclaris-

203 3654 367 3721 simis
430 3655 606 3722 viris
700 3655 795 3720 Tu
857 3655 1053 3737 igitur
1110 3676 1227 3740 pro
1286 3655 1540 3736 integra
1607 3652 1780 3718 inter
1826 3675 1944 3718 nos
1991 3651 2278 3718 amicitia
2321 3656 2548 3716 nostra

200 3765 383 3845 teque
415 3782 653 3847 meque
685 3760 921 3826 liberes
952 3766 1069 3825 aut
1096 3745 1407 3844 implices,
1430 3765 1763 3842 utcunque
1791 3757 2031 3823 bonum
2050 3764 2166 3823 est.
2213 3737 2567 3822 Habemus-

200 3865 323 3933 fere
356 3875 565 3934 totam
597 3868 885 3944 Romam,
930 3872 1170 3951 piaeter
1199 3865 1472 3949 pecunia
1516 3865 1776 3930 illorum
1807 3870 2174 3947 corruptos
2229 3862 2544 3930 habemus

200 3973 603 4041 doctissimos
652 3993 942 4058 quosque
990 3972 1399 4051 assistentes,
1464 3977 1532 4036 et
1589 3990 1932 4035 commune
1999 3969 2217 4034 odium
2279 3968 2546 4033 dimicat

202 4087 419 4148 contra
468 4102 600 4148 eos.
695 4081 790 4144 De
839 4100 907 4144 re
954 4099 1101 4143 mea
1148 4099 1273 4161 quo
1320 4077 1387 4141 in
1434 4083 1614 4142 statu
1681 4075 1768 4141 sit
1839 4096 2066 4140 cernes
2125 4075 2189 4140 in
2238 4075 2403 4139 actis
2442 4071 2545 4159 ju-

1348 4241 1385 4280 ιιι

290 4336 297 4344 ’
338 4355 367 4400 ·1
410 4347 639 4419 Subdiu]
702 4363 718 4407 ι
774 4348 915 4402 l'etr.
964 4353 1011 4409 2,
1072 4351 1149 4400 13.
1299 4351 1327 4398 2
1368 4345 1721 4398 Hochstrnten
1777 4361 1819 4396 s.
1871 4363 1918 4397 o.
1975 4341 2255 4396 Renchlins
2303 4341 2446 4395 brief
2478 4357 2576 4393 an·

202 4437 454 4505 Nnensar,
490 4457 598 4492 nro.
641 4439 815 4491 OCLi.
962 4439 1252 4505 3·1‘ropter
1290 4434 1437 4503 Sion]
1472 4435 1687 4487 Jesaias
1735 4438 1819 4499 62,
1881 4439 1922 4486 1.
2069 4439 2100 4483 4
2141 4433 2247 4499 vgl.
2289 4431 2547 4482 Reuchlin

204 4541 243 4577 s.
282 4531 396 4580 15¹.
545 4532 576 4580 5
616 4528 929 4597 Praedicate]
972 4527 1135 4577 Marc.
1184 4529 1262 4590 16,
1312 4527 1389 4575 15.
2007 4547 2091 4654 ·¹9
2120 4597 2151 4630 *e
