<?xml version="1.0" encoding="UTF-8"?>
<!DOCTYPE html PUBLIC "-//W3C//DTD XHTML 1.0 Transitional//EN"
    "http://www.w3.org/TR/xhtml1/DTD/xhtml1-transitional.dtd">
<html xmlns="http://www.w3.org/1999/xhtml" xml:lang="en" lang="en">
 <head>
  <title>
</title>
<meta http-equiv="Content-Type" content="text/html;charset=utf-8" />
  <meta name='ocr-system' content='tesseract 3.04.00' />
  <meta name='ocr-capabilities' content='ocr_page ocr_carea ocr_par ocr_line ocrx_word'/>
</head>
<body>
  <div class='ocr_page' id='page_1' title='image "./johannreuchlins00geiggoog/johannreuchlins00geiggoog_0283.png"; bbox 0 0 2950 5042; ppageno 0'>
   <div class='ocr_carea' id='block_1_1' title="bbox 1266 360 1398 429">
    <p class='ocr_par' dir='ltr' id='par_1_1' title="bbox 1266 360 1398 429">
     <span class='ocr_line' id='line_1_1' title="bbox 1266 360 1398 429; baseline -0.015 0"><span class='ocrx_word' id='word_1_1' title='bbox 1266 360 1398 429; x_wconf 82' lang='lat'><strong>273</strong></span> 
     </span>
    </p>
   </div>
   <div class='ocr_carea' id='block_1_2' title="bbox 178 551 2602 3511">
    <p class='ocr_par' dir='ltr' id='par_1_2' title="bbox 191 551 2502 1597">
     <span class='ocr_line' id='line_1_2' title="bbox 203 551 2499 623; baseline 0.002 -5"><span class='ocrx_word' id='word_1_2' title='bbox 203 551 484 621; x_wconf 76' lang='lat' dir='ltr'><strong>delatione</strong></span> <span class='ocrx_word' id='word_1_3' title='bbox 543 552 774 621; x_wconf 87' lang='lat' dir='ltr'><strong>titulus</strong></span> <span class='ocrx_word' id='word_1_4' title='bbox 835 554 1032 621; x_wconf 84' lang='lat' dir='ltr'><strong>etiam</strong></span> <span class='ocrx_word' id='word_1_5' title='bbox 1093 554 1408 622; x_wconf 79' lang='lat' dir='ltr'><strong>mentitur</strong></span> <span class='ocrx_word' id='word_1_6' title='bbox 1480 553 1839 622; x_wconf 83' lang='lat' dir='ltr'><strong>authorem.</strong></span> <span class='ocrx_word' id='word_1_7' title='bbox 1936 554 2079 623; x_wconf 90' lang='lat' dir='ltr'><strong>Non</strong></span> <span class='ocrx_word' id='word_1_8' title='bbox 2136 554 2304 623; x_wconf 90' lang='lat' dir='ltr'><strong>enim</strong></span> <span class='ocrx_word' id='word_1_9' title='bbox 2360 561 2499 623; x_wconf 79' lang='lat' dir='ltr'><strong>tam</strong></span> 
     </span>
     <span class='ocr_line' id='line_1_3' title="bbox 201 647 2502 748; baseline 0.002 -23"><span class='ocrx_word' id='word_1_10' title='bbox 201 659 434 728; x_wconf 82' lang='lat' dir='ltr'><strong>colenda</strong></span> <span class='ocrx_word' id='word_1_11' title='bbox 476 658 757 740; x_wconf 83' lang='lat' dir='ltr'><strong>Colonia,</strong></span> <span class='ocrx_word' id='word_1_12' title='bbox 804 666 940 727; x_wconf 86' lang='lat' dir='ltr'><strong>tam</strong></span> <span class='ocrx_word' id='word_1_13' title='bbox 978 660 1088 745; x_wconf 90' lang='lat' dir='ltr'><strong>jus</strong></span> <span class='ocrx_word' id='word_1_14' title='bbox 1121 658 1489 727; x_wconf 84' lang='lat' dir='ltr'><strong>veneranda</strong></span> <span class='ocrx_word' id='word_1_15' title='bbox 1517 647 1943 743; x_wconf 83' lang='lat' dir='ltr'><strong>universitas,</strong></span> <span class='ocrx_word' id='word_1_16' title='bbox 1991 662 2107 729; x_wconf 90' lang='lat' dir='ltr'><strong>sed</strong></span> <span class='ocrx_word' id='word_1_17' title='bbox 2152 662 2502 748; x_wconf 85' lang='lat' dir='ltr'><strong>particula-</strong></span> 
     </span>
     <span class='ocr_line' id='line_1_4' title="bbox 197 764 2499 854; baseline 0.002 -23"><span class='ocrx_word' id='word_1_18' title='bbox 197 766 331 831; x_wconf 82' lang='lat' dir='ltr'><strong>ritas</strong></span> <span class='ocrx_word' id='word_1_19' title='bbox 391 773 453 832; x_wconf 92' lang='lat' dir='ltr'><strong>et</strong></span> <span class='ocrx_word' id='word_1_20' title='bbox 512 764 806 853; x_wconf 82' lang='lat' dir='ltr'><strong>quaedam</strong></span> <span class='ocrx_word' id='word_1_21' title='bbox 853 767 1261 837; x_wconf 87' lang='lat' dir='ltr'><strong>inimicorum</strong></span> <span class='ocrx_word' id='word_1_22' title='bbox 1323 766 1669 853; x_wconf 82' lang='lat' dir='ltr'><strong>singularis</strong></span> <span class='ocrx_word' id='word_1_23' title='bbox 1735 768 2043 851; x_wconf 85' lang='lat' dir='ltr'><strong>colluvi0,</strong></span> <span class='ocrx_word' id='word_1_24' title='bbox 2105 769 2499 854; x_wconf 84' lang='lat' dir='ltr'><strong>minimaque</strong></span> 
     </span>
     <span class='ocr_line' id='line_1_5' title="bbox 195 872 2499 958; baseline 0 -19"><span class='ocrx_word' id='word_1_25' title='bbox 195 895 320 958; x_wconf 86' lang='lat' dir='ltr'><strong>pars</strong></span> <span class='ocrx_word' id='word_1_26' title='bbox 361 873 631 940; x_wconf 83' lang='lat' dir='ltr'><strong>civitatis</strong></span> <span class='ocrx_word' id='word_1_27' title='bbox 677 880 744 940; x_wconf 90' lang='lat' dir='ltr'><strong>et</strong></span> <span class='ocrx_word' id='word_1_28' title='bbox 789 894 868 939; x_wconf 87' lang='lat' dir='ltr'><strong>ea</strong></span> <span class='ocrx_word' id='word_1_29' title='bbox 911 874 1200 939; x_wconf 86' lang='lat' dir='ltr'><strong>insanior</strong></span> <span class='ocrx_word' id='word_1_30' title='bbox 1245 872 1367 940; x_wconf 89' lang='lat' dir='ltr'><strong>hoc</strong></span> <span class='ocrx_word' id='word_1_31' title='bbox 1411 872 1663 940; x_wconf 86' lang='lat' dir='ltr'><strong>facinus</strong></span> <span class='ocrx_word' id='word_1_32' title='bbox 1710 872 1895 951; x_wconf 88' lang='lat' dir='ltr'><strong>fecit,</strong></span> <span class='ocrx_word' id='word_1_33' title='bbox 1945 880 2017 941; x_wconf 89' lang='lat' dir='ltr'><strong>ut</strong></span> <span class='ocrx_word' id='word_1_34' title='bbox 2081 881 2209 946; x_wconf 80' lang='lat' dir='ltr'><strong>tuae</strong></span> <span class='ocrx_word' id='word_1_35' title='bbox 2256 872 2499 940; x_wconf 88' lang='lat' dir='ltr'><strong>sancti-</strong></span> 
     </span>
     <span class='ocr_line' id='line_1_6' title="bbox 195 979 2497 1065; baseline 0.001 -22"><span class='ocrx_word' id='word_1_36' title='bbox 195 980 294 1045; x_wconf 81' lang='lat' dir='ltr'><strong>tati</strong></span> <span class='ocrx_word' id='word_1_37' title='bbox 323 979 704 1047; x_wconf 84' lang='lat' dir='ltr'><strong>affirmarent</strong></span> <span class='ocrx_word' id='word_1_38' title='bbox 723 1001 864 1065; x_wconf 78' lang='lat' dir='ltr'><strong>quae</strong></span> <span class='ocrx_word' id='word_1_39' title='bbox 890 1002 1044 1045; x_wconf 79' lang='lat' dir='ltr'><strong>vera</strong></span> <span class='ocrx_word' id='word_1_40' title='bbox 1069 1000 1198 1045; x_wconf 86' lang='lat' dir='ltr'><strong>non</strong></span> <span class='ocrx_word' id='word_1_41' title='bbox 1217 986 1367 1046; x_wconf 89' lang='lat' dir='ltr'><strong>sunt</strong></span> <span class='ocrx_word' id='word_1_42' title='bbox 1403 979 1599 1065; x_wconf 91' lang='lat' dir='ltr'><strong>idque</strong></span> <span class='ocrx_word' id='word_1_43' title='bbox 1635 986 1864 1047; x_wconf 86' lang='lat' dir='ltr'><strong>contra</strong></span> <span class='ocrx_word' id='word_1_44' title='bbox 1895 980 2311 1047; x_wconf 82' lang='lat' dir='ltr'><strong>inhibitiones</strong></span> <span class='ocrx_word' id='word_1_45' title='bbox 2342 1001 2497 1065; x_wconf 87' lang='lat' dir='ltr'><strong>apo·</strong></span> 
     </span>
     <span class='ocr_line' id='line_1_7' title="bbox 197 1083 2499 1172; baseline 0.001 -23"><span class='ocrx_word' id='word_1_46' title='bbox 197 1086 442 1165; x_wconf 82' lang='lat' dir='ltr'><strong>stolicas,</strong></span> <span class='ocrx_word' id='word_1_47' title='bbox 466 1092 531 1151; x_wconf 89' lang='lat' dir='ltr'><strong>et</strong></span> <span class='ocrx_word' id='word_1_48' title='bbox 561 1091 790 1153; x_wconf 83' lang='lat' dir='ltr'><strong>contra</strong></span> <span class='ocrx_word' id='word_1_49' title='bbox 822 1086 1198 1153; x_wconf 86' lang='lat' dir='ltr'><strong>mandatam</strong></span> <span class='ocrx_word' id='word_1_50' title='bbox 1222 1083 1497 1151; x_wconf 77' lang='lat' dir='ltr'><strong>Caesaris</strong></span> <span class='ocrx_word' id='word_1_51' title='bbox 1522 1106 1769 1171; x_wconf 87' lang='lat' dir='ltr'><strong>pacem.</strong></span> <span class='ocrx_word' id='word_1_52' title='bbox 1824 1086 2017 1154; x_wconf 80' lang='lat' dir='ltr'><strong>Vides</strong></span> <span class='ocrx_word' id='word_1_53' title='bbox 2038 1086 2235 1152; x_wconf 91' lang='lat' dir='ltr'><strong>etiam</strong></span> <span class='ocrx_word' id='word_1_54' title='bbox 2252 1092 2499 1172; x_wconf 85' lang='lat' dir='ltr'><strong>quanta</strong></span> 
     </span>
     <span class='ocr_line' id='line_1_8' title="bbox 193 1190 2498 1277; baseline 0.001 -23"><span class='ocrx_word' id='word_1_55' title='bbox 193 1191 244 1255; x_wconf 88' lang='lat' dir='ltr'><strong>in</strong></span> <span class='ocrx_word' id='word_1_56' title='bbox 261 1192 482 1258; x_wconf 89' lang='lat' dir='ltr'><strong>eisdem</strong></span> <span class='ocrx_word' id='word_1_57' title='bbox 506 1192 714 1261; x_wconf 87' lang='lat' dir='ltr'><strong>literis</strong></span> <span class='ocrx_word' id='word_1_58' title='bbox 729 1192 998 1259; x_wconf 86' lang='lat' dir='ltr'><strong>audatia</strong></span> <span class='ocrx_word' id='word_1_59' title='bbox 1009 1198 1324 1277; x_wconf 80' lang='lat' dir='ltr'><strong>tanquam</strong></span> <span class='ocrx_word' id='word_1_60' title='bbox 1350 1192 1731 1258; x_wconf 86' lang='lat' dir='ltr'><strong>Solonianas</strong></span> <span class='ocrx_word' id='word_1_61' title='bbox 1746 1191 1867 1258; x_wconf 91' lang='lat' dir='ltr'><strong>tibi</strong></span> <span class='ocrx_word' id='word_1_62' title='bbox 1886 1190 2061 1276; x_wconf 82' lang='lat' dir='ltr'><strong>leges</strong></span> <span class='ocrx_word' id='word_1_63' title='bbox 2079 1191 2498 1276; x_wconf 76' lang='lat' dir='ltr'><strong>praescribere</strong></span> 
     </span>
     <span class='ocr_line' id='line_1_9' title="bbox 193 1296 2498 1384; baseline 0.001 -23"><span class='ocrx_word' id='word_1_64' title='bbox 193 1296 524 1384; x_wconf 84' lang='lat' dir='ltr'><strong>fontemque</strong></span> <span class='ocrx_word' id='word_1_65' title='bbox 540 1299 710 1384; x_wconf 89' lang='lat' dir='ltr'><strong>juris</strong></span> <span class='ocrx_word' id='word_1_66' title='bbox 738 1300 970 1365; x_wconf 88' lang='lat' dir='ltr'><strong>docere</strong></span> <span class='ocrx_word' id='word_1_67' title='bbox 993 1304 1391 1383; x_wconf 86' lang='lat' dir='ltr'><strong>praesumant</strong></span> <span class='ocrx_word' id='word_1_68' title='bbox 1422 1320 1553 1383; x_wconf 87' lang='lat' dir='ltr'><strong>qua</strong></span> <span class='ocrx_word' id='word_1_69' title='bbox 1583 1304 1885 1383; x_wconf 84' lang='lat' dir='ltr'><strong>oporteat</strong></span> <span class='ocrx_word' id='word_1_70' title='bbox 1910 1298 2013 1365; x_wconf 87' lang='lat' dir='ltr'><strong>via</strong></span> <span class='ocrx_word' id='word_1_71' title='bbox 2036 1298 2101 1363; x_wconf 89' lang='lat' dir='ltr'><strong>in</strong></span> <span class='ocrx_word' id='word_1_72' title='bbox 2123 1297 2371 1384; x_wconf 87' lang='lat' dir='ltr'><strong>judicio</strong></span> <span class='ocrx_word' id='word_1_73' title='bbox 2412 1296 2498 1363; x_wconf 88' lang='lat' dir='ltr'><strong>ad</strong></span> 
     </span>
     <span class='ocr_line' id='line_1_10' title="bbox 191 1403 2497 1491; baseline 0.001 -24"><span class='ocrx_word' id='word_1_74' title='bbox 191 1410 381 1471; x_wconf 87' lang='lat' dir='ltr'><strong>nutum</strong></span> <span class='ocrx_word' id='word_1_75' title='bbox 398 1412 464 1471; x_wconf 93' lang='lat' dir='ltr'><strong>et</strong></span> <span class='ocrx_word' id='word_1_76' title='bbox 495 1405 894 1473; x_wconf 83' lang='lat' dir='ltr'><strong>voluntatem</strong></span> <span class='ocrx_word' id='word_1_77' title='bbox 913 1426 1138 1473; x_wconf 89' lang='lat' dir='ltr'><strong>eorum</strong></span> <span class='ocrx_word' id='word_1_78' title='bbox 1161 1428 1240 1491; x_wconf 80' lang='lat' dir='ltr'><strong>pi</strong></span> <span class='ocrx_word' id='word_1_79' title='bbox 1243 1404 1515 1471; x_wconf 90' lang='lat' dir='ltr'><strong>ocedere</strong></span> <span class='ocrx_word' id='word_1_80' title='bbox 1535 1411 1608 1471; x_wconf 89' lang='lat' dir='ltr'><strong>ut</strong></span> <span class='ocrx_word' id='word_1_81' title='bbox 1624 1403 1882 1470; x_wconf 81' lang='lat' dir='ltr'><strong>facilius</strong></span> <span class='ocrx_word' id='word_1_82' title='bbox 1908 1425 2012 1471; x_wconf 91' lang='lat' dir='ltr'><strong>me</strong></span> <span class='ocrx_word' id='word_1_83' title='bbox 2032 1403 2335 1471; x_wconf 85' lang='lat' dir='ltr'><strong>sordibus</strong></span> <span class='ocrx_word' id='word_1_84' title='bbox 2364 1403 2497 1469; x_wconf 84' lang='lat' dir='ltr'><strong>vin-</strong></span> 
     </span>
     <span class='ocr_line' id='line_1_11' title="bbox 192 1510 2497 1597; baseline -0.001 -23"><span class='ocrx_word' id='word_1_85' title='bbox 192 1517 314 1576; x_wconf 83' lang='lat' dir='ltr'><strong>cant</strong></span> <span class='ocrx_word' id='word_1_86' title='bbox 333 1512 515 1597; x_wconf 82' lang='lat' dir='ltr'><strong>quasi</strong></span> <span class='ocrx_word' id='word_1_87' title='bbox 539 1513 811 1603; x_wconf 86' lang='lat' dir='ltr'><strong>nonjam</strong></span> <span class='ocrx_word' id='word_1_88' title='bbox 833 1518 1016 1578; x_wconf 85' lang='lat' dir='ltr'><strong>certa</strong></span> <span class='ocrx_word' id='word_1_89' title='bbox 1031 1517 1174 1577; x_wconf 85' lang='lat' dir='ltr'><strong>tota</strong></span> <span class='ocrx_word' id='word_1_90' title='bbox 1203 1511 1407 1576; x_wconf 85' lang='lat' dir='ltr'><strong>ferme</strong></span> <span class='ocrx_word' id='word_1_91' title='bbox 1425 1510 1568 1577; x_wconf 94' lang='lat' dir='ltr'><strong>orbi</strong></span> <span class='ocrx_word' id='word_1_92' title='bbox 1587 1510 1909 1578; x_wconf 80' lang='lat' dir='ltr'><strong>habeatur</strong></span> <span class='ocrx_word' id='word_1_93' title='bbox 1932 1510 2303 1577; x_wconf 90' lang='lat' dir='ltr'><strong>innocentia</strong></span> <span class='ocrx_word' id='word_1_94' title='bbox 2336 1529 2497 1577; x_wconf 85' lang='lat' dir='ltr'><strong>mea.</strong></span> 
     </span>
    </p>

    <p class='ocr_par' dir='ltr' id='par_1_3' title="bbox 178 1602 2602 3511">
     <span class='ocr_line' id='line_1_12' title="bbox 336 1602 2491 1702; baseline -0.001 -18"><span class='ocrx_word' id='word_1_95' title='bbox 336 1618 516 1685; x_wconf 84' lang='lat' dir='ltr'><strong>Unde</strong></span> <span class='ocrx_word' id='word_1_96' title='bbox 547 1617 789 1684; x_wconf 83' lang='lat' dir='ltr'><strong>adduci</strong></span> <span class='ocrx_word' id='word_1_97' title='bbox 819 1640 946 1683; x_wconf 89' lang='lat' dir='ltr'><strong>non</strong></span> <span class='ocrx_word' id='word_1_98' title='bbox 976 1638 1260 1702; x_wconf 86' lang='lat' dir='ltr'><strong>possum,</strong></span> <span class='ocrx_word' id='word_1_99' title='bbox 1307 1625 1380 1684; x_wconf 90' lang='lat' dir='ltr'><strong>ut</strong></span> <span class='ocrx_word' id='word_1_100' title='bbox 1413 1617 1702 1702; x_wconf 87' lang='lat' dir='ltr'><strong>suspicer</strong></span> <span class='ocrx_word' id='word_1_101' title='bbox 1731 1602 1874 1683; x_wconf 88' lang='lat' dir='ltr'><strong>istis</strong></span> <span class='ocrx_word' id='word_1_102' title='bbox 1907 1624 1971 1683; x_wconf 91' lang='lat' dir='ltr'><strong>te</strong></span> <span class='ocrx_word' id='word_1_103' title='bbox 2002 1614 2197 1683; x_wconf 88' lang='lat' dir='ltr'><strong>fidem</strong></span> <span class='ocrx_word' id='word_1_104' title='bbox 2229 1615 2491 1697; x_wconf 84' lang='lat' dir='ltr'><strong>habere,</strong></span> 
     </span>
     <span class='ocr_line' id='line_1_13' title="bbox 191 1721 2491 1809; baseline -0.001 -20"><span class='ocrx_word' id='word_1_105' title='bbox 191 1724 278 1806; x_wconf 87' lang='lat' dir='ltr'><strong>qui</strong></span> <span class='ocrx_word' id='word_1_106' title='bbox 317 1724 626 1809; x_wconf 87' lang='lat' dir='ltr'><strong>despecta</strong></span> <span class='ocrx_word' id='word_1_107' title='bbox 669 1722 1051 1789; x_wconf 86' lang='lat' dir='ltr'><strong>inhibitione</strong></span> <span class='ocrx_word' id='word_1_108' title='bbox 1083 1722 1447 1807; x_wconf 84' lang='lat' dir='ltr'><strong>apostolica</strong></span> <span class='ocrx_word' id='word_1_109' title='bbox 1493 1728 1560 1789; x_wconf 90' lang='lat' dir='ltr'><strong>et</strong></span> <span class='ocrx_word' id='word_1_110' title='bbox 1591 1721 1977 1808; x_wconf 90' lang='lat' dir='ltr'><strong>contemptis</strong></span> <span class='ocrx_word' id='word_1_111' title='bbox 2023 1722 2313 1789; x_wconf 88' lang='lat' dir='ltr'><strong>censuris</strong></span> <span class='ocrx_word' id='word_1_112' title='bbox 2360 1721 2491 1789; x_wconf 88' lang='lat' dir='ltr'><strong>tuis</strong></span> 
     </span>
     <span class='ocr_line' id='line_1_14' title="bbox 191 1826 2489 1915; baseline -0 -21"><span class='ocrx_word' id='word_1_113' title='bbox 191 1851 304 1913; x_wconf 81' lang='lat' dir='ltr'><strong>quae</strong></span> <span class='ocrx_word' id='word_1_114' title='bbox 325 1830 585 1897; x_wconf 86' lang='lat' dir='ltr'><strong>minime</strong></span> <span class='ocrx_word' id='word_1_115' title='bbox 613 1828 958 1897; x_wconf 85' lang='lat' dir='ltr'><strong>observato</strong></span> <span class='ocrx_word' id='word_1_116' title='bbox 982 1830 1147 1915; x_wconf 83' lang='lat' dir='ltr'><strong>juris</strong></span> <span class='ocrx_word' id='word_1_117' title='bbox 1171 1830 1436 1895; x_wconf 85' lang='lat' dir='ltr'><strong>tramite</strong></span> <span class='ocrx_word' id='word_1_118' title='bbox 1468 1829 1760 1895; x_wconf 91' lang='lat' dir='ltr'><strong>libellum</strong></span> <span class='ocrx_word' id='word_1_119' title='bbox 1782 1850 1999 1896; x_wconf 89' lang='lat' dir='ltr'><strong>meum</strong></span> <span class='ocrx_word' id='word_1_120' title='bbox 2029 1828 2142 1895; x_wconf 89' lang='lat' dir='ltr'><strong>lite</strong></span> <span class='ocrx_word' id='word_1_121' title='bbox 2167 1826 2489 1913; x_wconf 87' lang='lat' dir='ltr'><strong>pendente</strong></span> 
     </span>
     <span class='ocr_line' id='line_1_15' title="bbox 189 1933 2491 2021; baseline -0.001 -20"><span class='ocrx_word' id='word_1_122' title='bbox 189 1937 664 2003; x_wconf 85' lang='lat' dir='ltr'><strong>combusserunt.</strong></span> <span class='ocrx_word' id='word_1_123' title='bbox 733 1936 978 2003; x_wconf 88' lang='lat' dir='ltr'><strong>Credes</strong></span> <span class='ocrx_word' id='word_1_124' title='bbox 1029 1958 1180 2003; x_wconf 84' lang='lat' dir='ltr'><strong>vero</strong></span> <span class='ocrx_word' id='word_1_125' title='bbox 1228 1938 1445 2021; x_wconf 91' lang='lat' dir='ltr'><strong>potius</strong></span> <span class='ocrx_word' id='word_1_126' title='bbox 1494 1936 1899 2021; x_wconf 85' lang='lat' dir='ltr'><strong>gravioribus</strong></span> <span class='ocrx_word' id='word_1_127' title='bbox 1950 1934 2103 2001; x_wconf 88' lang='lat' dir='ltr'><strong>viris</strong></span> <span class='ocrx_word' id='word_1_128' title='bbox 2139 1933 2491 1999; x_wconf 82' lang='lat' dir='ltr'><strong>Alemaniae</strong></span> 
     </span>
     <span class='ocr_line' id='line_1_16' title="bbox 188 2038 2497 2128; baseline -0.001 -21"><span class='ocrx_word' id='word_1_129' title='bbox 188 2044 474 2128; x_wconf 84' lang='lat' dir='ltr'><strong>superiori</strong></span> <span class='ocrx_word' id='word_1_130' title='bbox 537 2042 716 2109; x_wconf 89' lang='lat' dir='ltr'><strong>omni</strong></span> <span class='ocrx_word' id='word_1_131' title='bbox 771 2043 1143 2127; x_wconf 83' lang='lat' dir='ltr'><strong>exceptione</strong></span> <span class='ocrx_word' id='word_1_132' title='bbox 1189 2041 1545 2127; x_wconf 87' lang='lat' dir='ltr'><strong>majoribus</strong></span> <span class='ocrx_word' id='word_1_133' title='bbox 1593 2042 1769 2127; x_wconf 92' lang='lat' dir='ltr'><strong>quod</strong></span> <span class='ocrx_word' id='word_1_134' title='bbox 1826 2040 2075 2107; x_wconf 87' lang='lat' dir='ltr'><strong>nullum</strong></span> <span class='ocrx_word' id='word_1_135' title='bbox 2119 2038 2497 2107; x_wconf 84' lang='lat' dir='ltr'><strong>scandalum</strong></span> 
     </span>
     <span class='ocr_line' id='line_1_17' title="bbox 187 2144 2493 2233; baseline -0.001 -19"><span class='ocrx_word' id='word_1_136' title='bbox 187 2150 358 2231; x_wconf 86' lang='lat' dir='ltr'><strong>posui,</strong></span> <span class='ocrx_word' id='word_1_137' title='bbox 400 2149 652 2217; x_wconf 84' lang='lat' dir='ltr'><strong>nullam</strong></span> <span class='ocrx_word' id='word_1_138' title='bbox 697 2149 898 2215; x_wconf 80' lang='lat' dir='ltr'><strong>ruinae</strong></span> <span class='ocrx_word' id='word_1_139' title='bbox 931 2149 1334 2215; x_wconf 89' lang='lat' dir='ltr'><strong>occasionem</strong></span> <span class='ocrx_word' id='word_1_140' title='bbox 1377 2148 1605 2233; x_wconf 76' lang='lat' dir='ltr'><strong>paravi</strong></span> <span class='ocrx_word' id='word_1_141' title='bbox 1652 2169 1871 2213; x_wconf 85' lang='lat' dir='ltr'><strong>coram</strong></span> <span class='ocrx_word' id='word_1_142' title='bbox 1915 2146 2053 2214; x_wconf 91' lang='lat' dir='ltr'><strong>ulla</strong></span> <span class='ocrx_word' id='word_1_143' title='bbox 2097 2145 2288 2233; x_wconf 90' lang='lat' dir='ltr'><strong>plebe</strong></span> <span class='ocrx_word' id='word_1_144' title='bbox 2334 2144 2493 2212; x_wconf 90' lang='lat' dir='ltr'><strong>Ger-</strong></span> 
     </span>
     <span class='ocr_line' id='line_1_18' title="bbox 191 2252 2496 2342; baseline 0 -23"><span class='ocrx_word' id='word_1_145' title='bbox 191 2274 494 2323; x_wconf 87' lang='lat' dir='ltr'><strong>manorum</strong></span> <span class='ocrx_word' id='word_1_146' title='bbox 527 2256 645 2342; x_wconf 89' lang='lat' dir='ltr'><strong>qui</strong></span> <span class='ocrx_word' id='word_1_147' title='bbox 678 2255 834 2321; x_wconf 88' lang='lat' dir='ltr'><strong>mihi</strong></span> <span class='ocrx_word' id='word_1_148' title='bbox 867 2254 1155 2341; x_wconf 88' lang='lat' dir='ltr'><strong>ejusdem</strong></span> <span class='ocrx_word' id='word_1_149' title='bbox 1188 2255 1407 2339; x_wconf 84' lang='lat' dir='ltr'><strong>lingua</strong></span> <span class='ocrx_word' id='word_1_150' title='bbox 1449 2256 1760 2321; x_wconf 89' lang='lat' dir='ltr'><strong>societate</strong></span> <span class='ocrx_word' id='word_1_151' title='bbox 1799 2252 2011 2339; x_wconf 91' lang='lat' dir='ltr'><strong>juncti</strong></span> <span class='ocrx_word' id='word_1_152' title='bbox 2043 2259 2195 2320; x_wconf 90' lang='lat' dir='ltr'><strong>sunt</strong></span> <span class='ocrx_word' id='word_1_153' title='bbox 2250 2252 2316 2317; x_wconf 89' lang='lat' dir='ltr'><strong>in</strong></span> <span class='ocrx_word' id='word_1_154' title='bbox 2363 2272 2496 2337; x_wconf 79' lang='lat' dir='ltr'><strong>qua</strong></span> 
     </span>
     <span class='ocr_line' id='line_1_19' title="bbox 189 2358 2493 2447; baseline -0 -24"><span class='ocrx_word' id='word_1_155' title='bbox 189 2358 374 2447; x_wconf 85' lang='lat' dir='ltr'><strong>lingua</strong></span> <span class='ocrx_word' id='word_1_156' title='bbox 439 2363 591 2430; x_wconf 89' lang='lat' dir='ltr'><strong>istis</strong></span> <span class='ocrx_word' id='word_1_157' title='bbox 638 2362 852 2447; x_wconf 82' lang='lat' dir='ltr'><strong>Belgis</strong></span> <span class='ocrx_word' id='word_1_158' title='bbox 911 2362 1135 2446; x_wconf 86' lang='lat' dir='ltr'><strong>ignota</strong></span> <span class='ocrx_word' id='word_1_159' title='bbox 1197 2360 1535 2427; x_wconf 88' lang='lat' dir='ltr'><strong>consilium</strong></span> <span class='ocrx_word' id='word_1_160' title='bbox 1596 2381 1811 2427; x_wconf 91' lang='lat' dir='ltr'><strong>meum</strong></span> <span class='ocrx_word' id='word_1_161' title='bbox 1854 2359 2018 2426; x_wconf 90' lang='lat' dir='ltr'><strong>illud</strong></span> <span class='ocrx_word' id='word_1_162' title='bbox 2061 2358 2493 2425; x_wconf 82' lang='lat' dir='ltr'><strong>camerarium</strong></span> 
     </span>
     <span class='ocr_line' id='line_1_20' title="bbox 191 2464 2488 2554; baseline -0.002 -23"><span class='ocrx_word' id='word_1_163' title='bbox 191 2487 310 2533; x_wconf 86' lang='lat' dir='ltr'><strong>cum</strong></span> <span class='ocrx_word' id='word_1_164' title='bbox 351 2469 550 2554; x_wconf 85' lang='lat' dir='ltr'><strong>plana</strong></span> <span class='ocrx_word' id='word_1_165' title='bbox 600 2470 738 2553; x_wconf 85' lang='lat' dir='ltr'><strong>ejus</strong></span> <span class='ocrx_word' id='word_1_166' title='bbox 785 2468 1226 2533; x_wconf 81' lang='lat' dir='ltr'><strong>declaratione</strong></span> <span class='ocrx_word' id='word_1_167' title='bbox 1275 2488 1402 2532; x_wconf 89' lang='lat' dir='ltr'><strong>uno</strong></span> <span class='ocrx_word' id='word_1_168' title='bbox 1449 2474 1757 2532; x_wconf 89' lang='lat' dir='ltr'><strong>contextu</strong></span> <span class='ocrx_word' id='word_1_169' title='bbox 1804 2472 2011 2546; x_wconf 86' lang='lat' dir='ltr'><strong>cert-e,</strong></span> <span class='ocrx_word' id='word_1_170' title='bbox 2073 2472 2148 2533; x_wconf 89' lang='lat' dir='ltr'><strong>ut</strong></span> <span class='ocrx_word' id='word_1_171' title='bbox 2194 2464 2488 2543; x_wconf 88' lang='lat' dir='ltr'><strong>decebat,</strong></span> 
     </span>
     <span class='ocr_line' id='line_1_21' title="bbox 186 2570 2493 2659; baseline -0.002 -22"><span class='ocrx_word' id='word_1_172' title='bbox 186 2572 334 2641; x_wconf 91' lang='lat' dir='ltr'><strong>edidi</strong></span> <span class='ocrx_word' id='word_1_173' title='bbox 355 2597 430 2643; x_wconf 88' lang='lat' dir='ltr'><strong>ac</strong></span> <span class='ocrx_word' id='word_1_174' title='bbox 461 2597 693 2643; x_wconf 87' lang='lat' dir='ltr'><strong>secure</strong></span> <span class='ocrx_word' id='word_1_175' title='bbox 715 2574 976 2659; x_wconf 90' lang='lat' dir='ltr'><strong>quidem</strong></span> <span class='ocrx_word' id='word_1_176' title='bbox 1007 2572 1272 2639; x_wconf 91' lang='lat' dir='ltr'><strong>credere</strong></span> <span class='ocrx_word' id='word_1_177' title='bbox 1305 2580 1492 2658; x_wconf 90' lang='lat' dir='ltr'><strong>potes</strong></span> <span class='ocrx_word' id='word_1_178' title='bbox 1524 2594 1729 2658; x_wconf 89' lang='lat' dir='ltr'><strong>eoque</strong></span> <span class='ocrx_word' id='word_1_179' title='bbox 1761 2570 2027 2650; x_wconf 88' lang='lat' dir='ltr'><strong>firmius,</strong></span> <span class='ocrx_word' id='word_1_180' title='bbox 2066 2592 2193 2656; x_wconf 92' lang='lat' dir='ltr'><strong>quo</strong></span> <span class='ocrx_word' id='word_1_181' title='bbox 2232 2570 2310 2637; x_wconf 92' lang='lat' dir='ltr'><strong>de</strong></span> <span class='ocrx_word' id='word_1_182' title='bbox 2347 2589 2493 2634; x_wconf 90' lang='lat' dir='ltr'><strong>mea</strong></span> 
     </span>
     <span class='ocr_line' id='line_1_22' title="bbox 184 2673 2496 2767; baseline -0.003 -23"><span class='ocrx_word' id='word_1_183' title='bbox 184 2683 538 2765; x_wconf 84' lang='lat' dir='ltr'><strong>innocentia,</strong></span> <span class='ocrx_word' id='word_1_184' title='bbox 592 2682 858 2767; x_wconf 83' lang='lat' dir='ltr'><strong>pietate,</strong></span> <span class='ocrx_word' id='word_1_185' title='bbox 898 2678 1046 2759; x_wconf 86' lang='lat' dir='ltr'><strong>fide,</strong></span> <span class='ocrx_word' id='word_1_186' title='bbox 1099 2680 1604 2764; x_wconf 87' lang='lat' dir='ltr'><strong>integritateque</strong></span> <span class='ocrx_word' id='word_1_187' title='bbox 1636 2700 1677 2745; x_wconf 89' lang='lat' dir='ltr'><strong>a</strong></span> <span class='ocrx_word' id='word_1_188' title='bbox 1711 2677 2005 2761; x_wconf 89' lang='lat' dir='ltr'><strong>pluribus</strong></span> <span class='ocrx_word' id='word_1_189' title='bbox 2037 2673 2496 2742; x_wconf 89' lang='lat' dir='ltr'><strong>illustrissimis</strong></span> 
     </span>
     <span class='ocr_line' id='line_1_23' title="bbox 183 2781 2479 2869; baseline -0.002 -21"><span class='ocrx_word' id='word_1_190' title='bbox 183 2784 625 2857; x_wconf 83' lang='lat' dir='ltr'><strong>latissimarum</strong></span> <span class='ocrx_word' id='word_1_191' title='bbox 655 2794 980 2855; x_wconf 85' lang='lat' dir='ltr'><strong>terrarum</strong></span> <span class='ocrx_word' id='word_1_192' title='bbox 1024 2792 1263 2853; x_wconf 87' lang='lat' dir='ltr'><strong>nostrae</strong></span> <span class='ocrx_word' id='word_1_193' title='bbox 1311 2786 1586 2851; x_wconf 88' lang='lat' dir='ltr'><strong>nationis</strong></span> <span class='ocrx_word' id='word_1_194' title='bbox 1633 2781 2103 2869; x_wconf 78' lang='lat' dir='ltr'><strong>regnatoribuS,</strong></span> <span class='ocrx_word' id='word_1_195' title='bbox 2140 2782 2479 2864; x_wconf 83' lang='lat' dir='ltr'><strong>magistra-</strong></span> 
     </span>
     <span class='ocr_line' id='line_1_24' title="bbox 183 2886 2491 2981; baseline -0.002 -26"><span class='ocrx_word' id='word_1_196' title='bbox 183 2892 359 2977; x_wconf 87' lang='lat' dir='ltr'><strong>tibus,</strong></span> <span class='ocrx_word' id='word_1_197' title='bbox 445 2893 838 2981; x_wconf 85' lang='lat' dir='ltr'><strong>populisque</strong></span> <span class='ocrx_word' id='word_1_198' title='bbox 913 2891 1386 2959; x_wconf 88' lang='lat' dir='ltr'><strong>Germanorum</strong></span> <span class='ocrx_word' id='word_1_199' title='bbox 1461 2897 1529 2956; x_wconf 91' lang='lat' dir='ltr'><strong>et</strong></span> <span class='ocrx_word' id='word_1_200' title='bbox 1611 2888 2035 2957; x_wconf 89' lang='lat' dir='ltr'><strong>sanctissimis</strong></span> <span class='ocrx_word' id='word_1_201' title='bbox 2116 2886 2491 2973; x_wconf 87' lang='lat' dir='ltr'><strong>dioecesium</strong></span> 
     </span>
     <span class='ocr_line' id='line_1_25' title="bbox 179 2993 2492 3087; baseline -0.003 -26"><span class='ocrx_word' id='word_1_202' title='bbox 179 3008 522 3081; x_wconf 80' lang='lat' dir='ltr'><strong>nostrarum</strong></span> <span class='ocrx_word' id='word_1_203' title='bbox 571 3000 912 3087; x_wconf 90' lang='lat' dir='ltr'><strong>episcopis,</strong></span> <span class='ocrx_word' id='word_1_204' title='bbox 957 2997 1215 3083; x_wconf 87' lang='lat' dir='ltr'><strong>oppidis</strong></span> <span class='ocrx_word' id='word_1_205' title='bbox 1247 3004 1313 3063; x_wconf 90' lang='lat' dir='ltr'><strong>et</strong></span> <span class='ocrx_word' id='word_1_206' title='bbox 1342 2995 1717 3063; x_wconf 82' lang='lat' dir='ltr'><strong>civitatibus</strong></span> <span class='ocrx_word' id='word_1_207' title='bbox 1763 2996 1965 3061; x_wconf 89' lang='lat' dir='ltr'><strong>ferme</strong></span> <span class='ocrx_word' id='word_1_208' title='bbox 2013 2993 2291 3059; x_wconf 89' lang='lat' dir='ltr'><strong>triennio</strong></span> <span class='ocrx_word' id='word_1_209' title='bbox 2338 2997 2492 3057; x_wconf 89' lang='lat' dir='ltr'><strong>ante</strong></span> 
     </span>
     <span class='ocr_line' id='line_1_26' title="bbox 178 3100 2602 3191; baseline -0.003 -22"><span class='ocrx_word' id='word_1_210' title='bbox 178 3124 278 3185; x_wconf 89' lang='lat' dir='ltr'><strong>per</strong></span> <span class='ocrx_word' id='word_1_211' title='bbox 313 3108 545 3175; x_wconf 83' lang='lat' dir='ltr'><strong>literas</strong></span> <span class='ocrx_word' id='word_1_212' title='bbox 592 3108 967 3191; x_wconf 85' lang='lat' dir='ltr'><strong>obsignatas</strong></span> <span class='ocrx_word' id='word_1_213' title='bbox 1014 3112 1082 3171; x_wconf 94' lang='lat' dir='ltr'><strong>et</strong></span> <span class='ocrx_word' id='word_1_214' title='bbox 1124 3104 1251 3170; x_wconf 89' lang='lat' dir='ltr'><strong>fide</strong></span> <span class='ocrx_word' id='word_1_215' title='bbox 1284 3104 1510 3188; x_wconf 85' lang='lat' dir='ltr'><strong>dignas</strong></span> <span class='ocrx_word' id='word_1_216' title='bbox 1555 3102 1765 3168; x_wconf 89' lang='lat' dir='ltr'><strong>factus</strong></span> <span class='ocrx_word' id='word_1_217' title='bbox 1815 3123 1888 3177; x_wconf 76' lang='lat' dir='ltr'><strong>es</strong></span> <span class='ocrx_word' id='word_1_218' title='bbox 1929 3101 2188 3167; x_wconf 89' lang='lat' dir='ltr'><strong>certior.</strong></span> <span class='ocrx_word' id='word_1_219' title='bbox 2254 3100 2499 3165; x_wconf 83' lang='lat' dir='ltr'><strong>Extant</strong></span> <span class='ocrx_word' id='word_1_220' title='bbox 2597 3127 2602 3132; x_wconf 93' lang='lat'><em>·</em></span> 
     </span>
     <span class='ocr_line' id='line_1_27' title="bbox 178 3203 2499 3297; baseline -0.003 -21"><span class='ocrx_word' id='word_1_221' title='bbox 178 3231 349 3291; x_wconf 88' lang='lat' dir='ltr'><strong>penes</strong></span> <span class='ocrx_word' id='word_1_222' title='bbox 383 3222 452 3281; x_wconf 89' lang='lat' dir='ltr'><strong>te</strong></span> <span class='ocrx_word' id='word_1_223' title='bbox 493 3215 584 3281; x_wconf 89' lang='lat' dir='ltr'><strong>ab</strong></span> <span class='ocrx_word' id='word_1_224' title='bbox 612 3214 1031 3297; x_wconf 66' lang='lat' dir='ltr'><strong>invictissimo</strong></span> <span class='ocrx_word' id='word_1_225' title='bbox 1064 3214 1497 3278; x_wconf 89' lang='lat' dir='ltr'><strong>Romanorum</strong></span> <span class='ocrx_word' id='word_1_226' title='bbox 1532 3208 1738 3275; x_wconf 87' lang='lat' dir='ltr'><strong>electo</strong></span> <span class='ocrx_word' id='word_1_227' title='bbox 1770 3208 2173 3292; x_wconf 82' lang='lat' dir='ltr'><strong>Imperatore</strong></span> <span class='ocrx_word' id='word_1_228' title='bbox 2205 3203 2499 3271; x_wconf 85' lang='lat' dir='ltr'><strong>Maximi-</strong></span> 
     </span>
     <span class='ocr_line' id='line_1_28' title="bbox 178 3310 2497 3411; baseline -0.004 -28"><span class='ocrx_word' id='word_1_229' title='bbox 178 3313 326 3386; x_wconf 85' lang='lat' dir='ltr'><strong>liano</strong></span> <span class='ocrx_word' id='word_1_230' title='bbox 369 3320 845 3411; x_wconf 34' lang='lat' dir='ltr'><strong>Maximoleoni·</strong></span> <span class='ocrx_word' id='word_1_231' title='bbox 901 3318 1023 3386; x_wconf 89' lang='lat' dir='ltr'><strong>tibi</strong></span> <span class='ocrx_word' id='word_1_232' title='bbox 1069 3324 1136 3385; x_wconf 89' lang='lat' dir='ltr'><strong>et</strong></span> <span class='ocrx_word' id='word_1_233' title='bbox 1182 3339 1222 3383; x_wconf 91' lang='lat' dir='ltr'><strong>a</strong></span> <span class='ocrx_word' id='word_1_234' title='bbox 1255 3315 1807 3384; x_wconf 86' lang='lat' dir='ltr'><strong>reverendissimo</strong></span> <span class='ocrx_word' id='word_1_235' title='bbox 1855 3312 2172 3380; x_wconf 85' lang='lat' dir='ltr'><strong>cardinali</strong></span> <span class='ocrx_word' id='word_1_236' title='bbox 2238 3310 2497 3377; x_wconf 90' lang='lat' dir='ltr'><strong>domino</strong></span> 
     </span>
     <span class='ocr_line' id='line_1_29' title="bbox 178 3416 2499 3511; baseline -0.003 -23"><span class='ocrx_word' id='word_1_237' title='bbox 178 3442 299 3492; x_wconf 90' lang='lat' dir='ltr'><strong>meo</strong></span> <span class='ocrx_word' id='word_1_238' title='bbox 357 3426 717 3495; x_wconf 86' lang='lat' dir='ltr'><strong>Gurcensi¹</strong></span> <span class='ocrx_word' id='word_1_239' title='bbox 767 3447 885 3511; x_wconf 91' lang='lat' dir='ltr'><strong>pro</strong></span> <span class='ocrx_word' id='word_1_240' title='bbox 933 3446 1080 3491; x_wconf 86' lang='lat' dir='ltr'><strong>mea</strong></span> <span class='ocrx_word' id='word_1_241' title='bbox 1125 3423 1495 3490; x_wconf 89' lang='lat' dir='ltr'><strong>innocentia</strong></span> <span class='ocrx_word' id='word_1_242' title='bbox 1561 3428 1791 3505; x_wconf 90' lang='lat' dir='ltr'><strong>terque</strong></span> <span class='ocrx_word' id='word_1_243' title='bbox 1853 3425 2215 3505; x_wconf 90' lang='lat' dir='ltr'><strong>quaterque</strong></span> <span class='ocrx_word' id='word_1_244' title='bbox 2276 3416 2499 3482; x_wconf 87' lang='lat' dir='ltr'><strong>oblata</strong></span> 
     </span>
    </p>
   </div>
   <div class='ocr_carea' id='block_1_3' title="bbox 1306 3588 1338 3625">
    <p class='ocr_par' dir='ltr' id='par_1_4' title="bbox 1306 3588 1338 3625">
     <span class='ocr_line' id='line_1_30' title="bbox 1306 3588 1338 3625; baseline 0 -8"><span class='ocrx_word' id='word_1_245' title='bbox 1306 3588 1338 3625; x_wconf 58' lang='grc' dir='ltr'><strong>,ιι</strong></span> 
     </span>
    </p>
   </div>
   <div class='ocr_carea' id='block_1_4' title="bbox 173 3691 2504 4631">
    <p class='ocr_par' dir='ltr' id='par_1_5' title="bbox 173 3691 2504 4631">
     <span class='ocr_line' id='line_1_31' title="bbox 299 3691 2499 3771; baseline -0.007 -14"><span class='ocrx_word' id='word_1_246' title='bbox 299 3710 322 3757; x_wconf 89' lang='grc'><strong>1</strong></span> <span class='ocrx_word' id='word_1_247' title='bbox 362 3704 671 3765; x_wconf 65' lang='lat' dir='ltr'><strong>Cardinalis</strong></span> <span class='ocrx_word' id='word_1_248' title='bbox 707 3703 1014 3771; x_wconf 82' lang='lat' dir='ltr'><strong>Gurceusis]</strong></span> <span class='ocrx_word' id='word_1_249' title='bbox 1055 3702 1352 3766; x_wconf 76' lang='lat' dir='ltr'><strong>Matthaeus‚</strong></span> <span class='ocrx_word' id='word_1_250' title='bbox 1407 3716 1501 3751; x_wconf 87' lang='lat' dir='ltr'><strong>seu</strong></span> <span class='ocrx_word' id='word_1_251' title='bbox 1539 3700 1787 3751; x_wconf 81' lang='lat' dir='ltr'><strong>Matthias</strong></span> <span class='ocrx_word' id='word_1_252' title='bbox 1828 3698 2077 3764; x_wconf 81' lang='lat' dir='ltr'><strong>Langius,</strong></span> <span class='ocrx_word' id='word_1_253' title='bbox 2132 3709 2225 3745; x_wconf 86' lang='lat' dir='ltr'><strong>seu</strong></span> <span class='ocrx_word' id='word_1_254' title='bbox 2262 3691 2499 3757; x_wconf 81' lang='lat' dir='ltr'><strong>Longius</strong></span> 
     </span>
     <span class='ocr_line' id='line_1_32' title="bbox 174 3778 2499 3863; baseline -0.004 -24"><span class='ocrx_word' id='word_1_255' title='bbox 174 3790 244 3841; x_wconf 81' lang='lat' dir='ltr'><strong>vel</strong></span> <span class='ocrx_word' id='word_1_256' title='bbox 276 3794 525 3863; x_wconf 80' lang='lat' dir='ltr'><strong>Longus,</strong></span> <span class='ocrx_word' id='word_1_257' title='bbox 577 3795 695 3861; x_wconf 81' lang='lat' dir='ltr'><strong>geb.</strong></span> <span class='ocrx_word' id='word_1_258' title='bbox 752 3796 913 3856; x_wconf 72' lang='lat'>1468,</span> <span class='ocrx_word' id='word_1_259' title='bbox 961 3793 1123 3843; x_wconf 83' lang='lat' dir='ltr'><strong>sehon</strong></span> <span class='ocrx_word' id='word_1_260' title='bbox 1181 3794 1309 3842; x_wconf 82' lang='lat'>1511</span> <span class='ocrx_word' id='word_1_261' title='bbox 1353 3788 1601 3840; x_wconf 84' lang='lat' dir='ltr'><strong>heimlich&#39;</strong></span> <span class='ocrx_word' id='word_1_262' title='bbox 1650 3802 1755 3839; x_wconf 81' lang='lat' dir='ltr'><strong>von</strong></span> <span class='ocrx_word' id='word_1_263' title='bbox 1788 3788 1969 3840; x_wconf 69' lang='lat' dir='ltr'><strong>Julius,</strong></span> <span class='ocrx_word' id='word_1_264' title='bbox 2010 3787 2059 3835; x_wconf 89' lang='lat'><strong>11</strong></span> <span class='ocrx_word' id='word_1_265' title='bbox 2108 3799 2223 3834; x_wconf 77' lang='lat' dir='ltr'><strong>zum</strong></span> <span class='ocrx_word' id='word_1_266' title='bbox 2263 3778 2499 3831; x_wconf 77' lang='lat' dir='ltr'><strong>cardinal</strong></span> 
     </span>
     <span class='ocr_line' id='line_1_33' title="bbox 175 3867 2500 3949; baseline -0.005 -21"><span class='ocrx_word' id='word_1_267' title='bbox 175 3891 390 3949; x_wconf 77' lang='lat' dir='ltr'><strong>eruannt,</strong></span> <span class='ocrx_word' id='word_1_268' title='bbox 428 3900 540 3935; x_wconf 76' lang='lat' dir='ltr'><strong>von</strong></span> <span class='ocrx_word' id='word_1_269' title='bbox 575 3884 687 3933; x_wconf 88' lang='lat' dir='ltr'><strong>Leo</strong></span> <span class='ocrx_word' id='word_1_270' title='bbox 727 3884 772 3933; x_wconf 87' lang='lat' dir='ltr'>X</span> <span class='ocrx_word' id='word_1_271' title='bbox 813 3886 879 3933; x_wconf 82' lang='lat'><strong>20</strong></span> <span class='ocrx_word' id='word_1_272' title='bbox 918 3882 1049 3932; x_wconf 84' lang='lat' dir='ltr'><strong>Nov.</strong></span> <span class='ocrx_word' id='word_1_273' title='bbox 1095 3882 1226 3931; x_wconf 87' lang='grc'><strong>1513</strong></span> <span class='ocrx_word' id='word_1_274' title='bbox 1268 3880 1549 3945; x_wconf 70' lang='lat' dir='ltr'><strong>beststtigt,</strong></span> <span class='ocrx_word' id='word_1_275' title='bbox 1587 3877 1803 3928; x_wconf 84' lang='lat' dir='ltr'><strong>bischof</strong></span> <span class='ocrx_word' id='word_1_276' title='bbox 1835 3892 1937 3926; x_wconf 85' lang='lat' dir='ltr'><strong>von</strong></span> <span class='ocrx_word' id='word_1_277' title='bbox 1978 3873 2141 3935; x_wconf 69' lang='lat' dir='ltr'><strong>Gur-k„</strong></span> <span class='ocrx_word' id='word_1_278' title='bbox 2182 3870 2342 3921; x_wconf 83' lang='lat' dir='ltr'><strong>daher</strong></span> <span class='ocrx_word' id='word_1_279' title='bbox 2368 3867 2500 3918; x_wconf 84' lang='lat' dir='ltr'><strong>Gur·</strong></span> 
     </span>
     <span class='ocr_line' id='line_1_34' title="bbox 173 3964 2502 4037; baseline -0.005 -21"><span class='ocrx_word' id='word_1_280' title='bbox 173 3972 352 4037; x_wconf 81' lang='lat' dir='ltr'><strong>censis,</strong></span> <span class='ocrx_word' id='word_1_281' title='bbox 404 3978 700 4023; x_wconf 81' lang='lat' dir='ltr'><strong>vertrauter</strong></span> <span class='ocrx_word' id='word_1_282' title='bbox 748 3968 1030 4036; x_wconf 81' lang='lat' dir='ltr'><strong>rathgeber</strong></span> <span class='ocrx_word' id='word_1_283' title='bbox 1067 3969 1450 4029; x_wconf 80' lang='lat' dir='ltr'><strong>Maximilians,</strong></span> <span class='ocrx_word' id='word_1_284' title='bbox 1491 3966 1586 4019; x_wconf 80' lang='lat' dir='ltr'><strong>auf</strong></span> <span class='ocrx_word' id='word_1_285' title='bbox 1618 3965 1805 4016; x_wconf 82' lang='lat' dir='ltr'><strong>dessen</strong></span> <span class='ocrx_word' id='word_1_286' title='bbox 1846 3964 2103 4014; x_wconf 85' lang='lat' dir='ltr'><strong>ersuchen</strong></span> <span class='ocrx_word' id='word_1_287' title='bbox 2142 3976 2199 4010; x_wconf 84' lang='lat' dir='ltr'><strong>er</strong></span> <span class='ocrx_word' id='word_1_288' title='bbox 2235 3974 2354 4007; x_wconf 83' lang='lat' dir='ltr'><strong>zum</strong></span> <span class='ocrx_word' id='word_1_289' title='bbox 2394 3972 2502 4007; x_wconf 84' lang='lat' dir='ltr'><strong>erz-</strong></span> 
     </span>
     <span class='ocr_line' id='line_1_35' title="bbox 173 4044 2501 4127; baseline -0.007 -18"><span class='ocrx_word' id='word_1_290' title='bbox 173 4054 365 4112; x_wconf 66' lang='lat' dir='ltr'><strong>bist-,hof</strong></span> <span class='ocrx_word' id='word_1_291' title='bbox 398 4077 504 4112; x_wconf 77' lang='lat' dir='ltr'><strong>von</strong></span> <span class='ocrx_word' id='word_1_292' title='bbox 547 4061 809 4127; x_wconf 74' lang='lat' dir='ltr'><strong>salzburg</strong></span> <span class='ocrx_word' id='word_1_293' title='bbox 847 4066 1069 4109; x_wconf 82' lang='lat' dir='ltr'><strong>ernannt</strong></span> <span class='ocrx_word' id='word_1_294' title='bbox 1103 4057 1296 4119; x_wconf 78' lang='lat' dir='ltr'><strong>warde,</strong></span> <span class='ocrx_word' id='word_1_295' title='bbox 1334 4072 1438 4108; x_wconf 82' lang='lat' dir='ltr'><strong>von</strong></span> <span class='ocrx_word' id='word_1_296' title='bbox 1476 4058 1661 4106; x_wconf 86' lang='lat' dir='ltr'><strong>seinen</strong></span> <span class='ocrx_word' id='word_1_297' title='bbox 1696 4055 2063 4119; x_wconf 79' lang='lat' dir='ltr'><strong>zeitgenossen</strong></span> <span class='ocrx_word' id='word_1_298' title='bbox 2105 4048 2309 4099; x_wconf 87' lang='lat' dir='ltr'><strong>Pierius</strong></span> <span class='ocrx_word' id='word_1_299' title='bbox 2344 4044 2501 4095; x_wconf 83' lang='lat' dir='ltr'><strong>Vale-</strong></span> 
     </span>
     <span class='ocr_line' id='line_1_36' title="bbox 173 4134 2504 4214; baseline -0.007 -16"><span class='ocrx_word' id='word_1_300' title='bbox 173 4148 353 4214; x_wconf 79' lang='lat' dir='ltr'><strong>rianus,</strong></span> <span class='ocrx_word' id='word_1_301' title='bbox 403 4152 492 4203; x_wconf 85' lang='lat' dir='ltr'><strong>bei</strong></span> <span class='ocrx_word' id='word_1_302' title='bbox 532 4149 706 4201; x_wconf 86' lang='lat' dir='ltr'><strong>seiner</strong></span> <span class='ocrx_word' id='word_1_303' title='bbox 755 4146 1077 4199; x_wconf 82' lang='lat' dir='ltr'><strong>theilnahme</strong></span> <span class='ocrx_word' id='word_1_304' title='bbox 1125 4163 1209 4197; x_wconf 80' lang='lat' dir='ltr'><strong>am</strong></span> <span class='ocrx_word' id='word_1_305' title='bbox 1262 4146 1472 4196; x_wconf 82' lang='lat' dir='ltr'><strong>Wiener</strong></span> <span class='ocrx_word' id='word_1_306' title='bbox 1536 4145 1831 4206; x_wconf 74' lang='lat' dir='ltr'><strong>fiirstentag</strong></span> <span class='ocrx_word' id='word_1_307' title='bbox 1874 4142 2009 4191; x_wconf 80' lang='lat'>1515</span> <span class='ocrx_word' id='word_1_308' title='bbox 2066 4152 2170 4187; x_wconf 74' lang='lat' dir='ltr'><strong>von</strong></span> <span class='ocrx_word' id='word_1_309' title='bbox 2222 4134 2504 4187; x_wconf 79' lang='lat' dir='ltr'><strong>Sebastian</strong></span> 
     </span>
     <span class='ocr_line' id='line_1_37' title="bbox 175 4225 2499 4306; baseline -0.007 -18"><span class='ocrx_word' id='word_1_310' title='bbox 175 4232 396 4288; x_wconf 85' lang='lat' dir='ltr'><strong>Winderl</strong></span> <span class='ocrx_word' id='word_1_311' title='bbox 440 4238 553 4306; x_wconf 81' lang='lat' dir='ltr'><strong>(die</strong></span> <span class='ocrx_word' id='word_1_312' title='bbox 592 4236 714 4295; x_wconf 85' lang='lat' dir='ltr'><strong>rede</strong></span> <span class='ocrx_word' id='word_1_313' title='bbox 750 4236 1040 4288; x_wconf 83' lang='lat' dir='ltr'><strong>besonders</strong></span> <span class='ocrx_word' id='word_1_314' title='bbox 1076 4234 1360 4302; x_wconf 85' lang='lat' dir='ltr'><strong>gedruckt,</strong></span> <span class='ocrx_word' id='word_1_315' title='bbox 1413 4233 1566 4283; x_wconf 86' lang='lat' dir='ltr'><strong>Wien</strong></span> <span class='ocrx_word' id='word_1_316' title='bbox 1610 4233 1760 4282; x_wconf 83' lang='lat'>1515.</span> <span class='ocrx_word' id='word_1_317' title='bbox 1800 4230 1831 4279; x_wconf 83' lang='lat'>6</span> <span class='ocrx_word' id='word_1_318' title='bbox 1869 4228 1963 4281; x_wconf 90' lang='lat' dir='ltr'><strong>bll.</strong></span> <span class='ocrx_word' id='word_1_319' title='bbox 2004 4228 2056 4277; x_wconf 79' lang='lat' dir='ltr'><strong>in</strong></span> <span class='ocrx_word' id='word_1_320' title='bbox 2097 4228 2174 4289; x_wconf 82' lang='lat'><strong>4⁰)</strong></span> <span class='ocrx_word' id='word_1_321' title='bbox 2222 4225 2275 4272; x_wconf 90' lang='lat' dir='ltr'><strong>in</strong></span> <span class='ocrx_word' id='word_1_322' title='bbox 2317 4236 2499 4289; x_wconf 56' lang='lat' dir='ltr'><strong>prosu</strong></span> 
     </span>
     <span class='ocr_line' id='line_1_38' title="bbox 173 4316 2500 4389; baseline -0.006 -17"><span class='ocrx_word' id='word_1_323' title='bbox 173 4336 262 4373; x_wconf 77' lang='lat' dir='ltr'><strong>von</strong></span> <span class='ocrx_word' id='word_1_324' title='bbox 297 4326 612 4380; x_wconf 79' lang='lat' dir='ltr'><strong>Franciscus</strong></span> <span class='ocrx_word' id='word_1_325' title='bbox 654 4326 862 4389; x_wconf 72' lang='lat' dir='ltr'><strong>vitalia,</strong></span> <span class='ocrx_word' id='word_1_326' title='bbox 895 4326 1171 4375; x_wconf 81' lang='lat' dir='ltr'><strong>Johannes</strong></span> <span class='ocrx_word' id='word_1_327' title='bbox 1199 4324 1509 4374; x_wconf 83' lang='lat' dir='ltr'><strong>Pinicianus</strong></span> <span class='ocrx_word' id='word_1_328' title='bbox 1546 4322 1599 4371; x_wconf 90' lang='lat' dir='ltr'><strong>in</strong></span> <span class='ocrx_word' id='word_1_329' title='bbox 1628 4333 1811 4370; x_wconf 84' lang='lat' dir='ltr'><strong>versen</strong></span> <span class='ocrx_word' id='word_1_330' title='bbox 1840 4317 2131 4383; x_wconf 75' lang='lat' dir='ltr'><strong>gepriesen,</strong></span> <span class='ocrx_word' id='word_1_331' title='bbox 2170 4316 2265 4362; x_wconf 85' lang='lat' dir='ltr'><strong>mit</strong></span> <span class='ocrx_word' id='word_1_332' title='bbox 2297 4318 2500 4361; x_wconf 73' lang='lat' dir='ltr'><strong>amtern</strong></span> 
     </span>
     <span class='ocr_line' id='line_1_39' title="bbox 175 4400 2500 4479; baseline -0.004 -21"><span class='ocrx_word' id='word_1_333' title='bbox 175 4413 268 4462; x_wconf 86' lang='lat' dir='ltr'><strong>und</strong></span> <span class='ocrx_word' id='word_1_334' title='bbox 304 4416 517 4467; x_wconf 77' lang='lat' dir='ltr'><strong>wiirden</strong></span> <span class='ocrx_word' id='word_1_335' title='bbox 556 4416 856 4477; x_wconf 65' lang='lat' dir='ltr'><strong>iiberhauft,</strong></span> <span class='ocrx_word' id='word_1_336' title='bbox 893 4412 1038 4465; x_wconf 77' lang='lat' dir='ltr'><strong>starb</strong></span> <span class='ocrx_word' id='word_1_337' title='bbox 1089 4414 1144 4462; x_wconf 87' lang='lat' dir='ltr'><strong>in</strong></span> <span class='ocrx_word' id='word_1_338' title='bbox 1185 4412 1440 4479; x_wconf 71' lang='lat' dir='ltr'><strong>salzburg</strong></span> <span class='ocrx_word' id='word_1_339' title='bbox 1501 4410 1659 4471; x_wconf 77' lang='lat'>1540,</span> <span class='ocrx_word' id='word_1_340' title='bbox 1700 4410 1765 4459; x_wconf 83' lang='lat'><strong>30</strong></span> <span class='ocrx_word' id='word_1_341' title='bbox 1814 4406 1979 4457; x_wconf 77' lang='lat' dir='ltr'><strong>Marz.</strong></span> <span class='ocrx_word' id='word_1_342' title='bbox 2055 4401 2329 4453; x_wconf 82' lang='lat' dir='ltr'><strong>Ciaconnii</strong></span> <span class='ocrx_word' id='word_1_343' title='bbox 2378 4400 2500 4448; x_wconf 78' lang='lat' dir='ltr'><strong>vitae</strong></span> 
     </span>
     <span class='ocr_line' id='line_1_40' title="bbox 175 4493 2105 4631; baseline 0.001 -82"><span class='ocrx_word' id='word_1_344' title='bbox 175 4502 460 4563; x_wconf 85' lang='lat' dir='ltr'><strong>pontificum</strong></span> <span class='ocrx_word' id='word_1_345' title='bbox 505 4493 744 4568; x_wconf 77' lang='lat' dir='ltr'><strong>11{,&#39;coll.</strong></span> <span class='ocrx_word' id='word_1_346' title='bbox 787 4504 888 4555; x_wconf 81' lang='lat'><strong>299</strong></span> <span class='ocrx_word' id='word_1_347' title='bbox 927 4504 1008 4555; x_wconf 86' lang='lat' dir='ltr'><strong>bis</strong></span> <span class='ocrx_word' id='word_1_348' title='bbox 1051 4503 1168 4552; x_wconf 74' lang='lat'><strong>306.</strong></span> <span class='ocrx_word' id='word_1_349' title='bbox 2037 4567 2105 4631; x_wconf 71' lang='grc'><strong>18</strong></span> 
     </span>
    </p>

    <p class='ocr_par' dir='ltr' id='par_1_6' title="bbox 2320 4578 2349 4615">
     <span class='ocr_line' id='line_1_41' title="bbox 2320 4578 2349 4615; baseline 0 0"><span class='ocrx_word' id='word_1_350' title='bbox 2320 4578 2349 4615; x_wconf 63' lang='lat' dir='ltr'><strong>‘e</strong></span> 
     </span>
    </p>
   </div>
   <div class='ocr_carea' id='block_1_5' title="bbox 225 4599 494 4644">
    <p class='ocr_par' dir='ltr' id='par_1_7' title="bbox 225 4599 494 4644">
     <span class='ocr_line' id='line_1_42' title="bbox 225 4599 494 4644; baseline 0 -1"><span class='ocrx_word' id='word_1_351' title='bbox 225 4599 494 4644; x_wconf 77' lang='lat' dir='ltr'><strong>Reuchlin</strong></span> 
     </span>
    </p>
   </div>
  </div>
 </body>
</html>
