2950 5042
1511 344 1638 412 104

410 546 453 613 J
456 544 740 612 ohannes
788 538 993 607 durch
1044 535 1270 621 irgend
1332 536 1472 601 eine
1521 532 1752 601 schrift
1797 532 1914 601 der
1971 528 2290 599 nachwelt
2331 526 2620 595 bekannt
2660 548 2732 593 zu

412 649 700 717 macheu.
794 646 954 713 Vale
1007 648 1176 710 1508
1223 641 1391 728 prid.
1465 640 1628 707 Non.
1674 638 1864 725 Febr.

590 756 910 818 Gedrucktt
949 760 980 814 1
1018 773 1102 811 ==
1134 752 1196 813 C.
1232 770 1284 812 v.
1319 767 1370 811 e.
1404 766 1436 809 c
1469 744 1548 809 7¹>
1578 748 1686 824 fg.;
1737 752 1774 808 2
1809 767 1894 803 =
1926 748 1983 809 J.
2009 765 2063 807 v.
2098 763 2148 808 e.
2181 745 2219 806 d
2255 740 2388 818 1ab3
2440 740 2730 805 3=C.v.

414 881 467 927 e.
498 864 557 925 11
583 862 685 924 fol.
722 864 843 923 20⁸
868 858 948 937 fg.

561 1105 933 1159 Ottenbeuren.
1530 1010 1632 1077 CL
2281 1095 2314 1143 8
2353 1092 2480 1144 Okt.
2527 1092 2674 1143 1508.

506 1208 934 1287 Leonardus
971 1204 1232 1281 Abbas
1272 1202 1901 1305 Ottinpurrhanus
1943 1200 1966 1239 ¹
2004 1199 2058 1275 J
2059 1226 2124 1273 o.
2167 1194 2540 1300 Capnioni
2575 1195 2647 1272 S.

596 1356 897 1424 Virorum
956 1352 1240 1421 omnium
1298 1357 1367 1418 et
1410 1349 1824 1435 integerrime
1883 1353 1950 1414 et
1995 1345 2363 1413 doctissime
2410 1344 2646 1410 mirum
2684 1342 2742 1407 in

419 1462 681 1531 modum
729 1459 1021 1547 gratulor
1064 1458 1245 1526 aetati
1290 1456 1439 1523 huic
1485 1461 1760 1535 nostrae,
1808 1474 1940 1539 qua
1969 1452 2155 1522 bonae
2200 1449 2406 1517 literae
2454 1470 2600 1535 quae
2645 1447 2742 1513 diu

418 1569 865 1634 intermortuae
912 1563 1310 1648 sepultaeque
1379 1562 1592 1641 fuere,
1651 1560 2070 1638 reviviscunt,
2103 1563 2201 1647 ‘et
2243 1557 2309 1624 in
2355 1556 2570 1622 lucem
2613 1574 2744 1639 pro-

424 1672 658 1739 deunt:
719 1671 841 1735 tibi
900 1690 1052 1736 vero
1100 1668 1198 1735 vel
1246 1688 1363 1751 per
1408 1687 1604 1751 quam
1665 1666 1975 1744 maxime,
2025 1663 2264 1749 quippe
2311 1662 2425 1747 qui
2494 1667 2627 1727 tam
2673 1658 2742 1723 de

423 1776 610 1844 bonis
656 1776 863 1841 literis
908 1774 1180 1839 meritus
1226 1774 1334 1853 sis,
1381 1793 1576 1855 quam
1625 1770 1790 1837 alius
1820 1775 2044 1836 nostro
2091 1790 2226 1835 aevo
2272 1788 2483 1833 nemo.
2561 1768 2747 1848 Argu?

423 1887 642 1948 mento
668 1886 818 1946 sunt
848 1878 1332 1945 lucubrationes
1365 1883 1494 1942 tuae
1526 1877 1900 1942 tersissimae
1933 1874 2456 1959 scitissimaeque:
2490 1871 2745 1957 Capnio-

424 2007 573 2052 nem
619 1991 799 2050 tuum
831 1984 1062 2067 loquor
1094 1982 1174 2047 de
1205 1983 1403 2048 verbo
1448 1980 1752 2061 mirifico,
1816 2002 1934 2046 nec
1979 2000 2105 2045 non
2153 1988 2220 2044 et
2258 1978 2696 2045 institutiones
2725 1974 2746 2013 ²

424 2090 778 2156 Hebraicae
853 2088 1112 2171 aliaque
1164 2088 1668 2171 quamplurima,
1734 2108 1878 2172 quae
1927 2108 2006 2151 ex
2069 2084 2319 2150 officina
2383 2091 2506 2149 tua
2569 2100 2745 2167 quam

429 2194 779 2261 faberrime
810 2191 1134 2277 prodiere.
1214 2192 1411 2276 Coepi
1456 2199 1680 2259 autem
1717 2192 2163 2257 Institutiones
2193 2188 2578 2269 Hebraicas,
2622 2205 2747 2272 quae

431 2306 500 2367 et
544 2320 646 2363 me
695 2304 762 2363 et
818 2297 1057 2363 fratres
1122 2319 1298 2363 meos
1344 2305 1482 2363 tam
1552 2298 2000 2377 delectarunt,
2066 2302 2140 2362 ut
2201 2296 2309 2360 vix
2355 2294 2490 2360 dici
2535 2297 2741 2377 queat:

429 2403 653 2489 nilque
716 2404 919 2486 magis
965 2402 1205 2467 fratres
1276 2404 1403 2468 mei
1462 2402 1781 2469 affectant
1807 2384 1818 2395 ⁰
1845 2423 2038 2487 quam
2099 2400 2466 2467 Hebraicae
2533 2399 2746 2481 linguae

429 2510 747 2587 notitiam,
796 2507 1209 2592 quotidieque
1250 2530 1352 2574 me
1386 2509 1691 2592 precibus
1724 2509 2005 2593 pulsant,
2053 2513 2126 2574 ut
2156 2506 2510 2572 Hebraeum
2552 2522 2747 2589 quem·
2801 2502 2813 2519 ²

428 2614 605 2699 piam
653 2612 1035 2692 conducam,
1098 2634 1139 2679 a
1186 2636 1311 2697 quo
1379 2636 1426 2679 s.
1473 2614 1760 2697 linguam
1805 2613 2113 2699 consequi
2159 2611 2429 2696 possint.
2527 2607 2746 2691 Magni-

428 2718 671 2785 facient
700 2723 937 2798 autem,
986 2719 1042 2783 si
1087 2718 1189 2783 vel
1219 2718 1607 2785 Psalterium
1655 2718 1865 2784 solum
1895 2718 2162 2783 Davidis
2193 2716 2522 2782 Hebraice
2553 2716 2746 2799 legere

429 2824 757 2903 noverint,
824 2823 1043 2889 forsan
1101 2825 1195 2889 ita
1258 2845 1298 2889 a
1360 2824 1817 2907 gloriosissimo
1883 2824 2276 2909 Hieronymo
2341 2821 2591 2899 edocti,
2652 2816 2745 2902 qui

1575 2956 1606 2991 ιιι

583 3046 602 3090 1
645 3040 925 3091 Leonhard
964 3040 1307 3091 Wiedemann
1348 3041 1467 3107 geb.
1508 3059 1570 3093 zu
1612 3041 1919 3105 Schretzen,
1959 3043 2154 3090 unweit-
2191 3041 2484 3107 Dillingen,
2530 3042 2589 3089 15
2615 3036 2747 3087 Febr.

439 3130 573 3177 1508
612 3144 729 3177 zum
772 3128 863 3178 abt
900 3128 991 3179 des
1026 3129 1253 3181 kloster-s
1292 3130 1650 3181 Ottenbeuren
1690 3145 1810 3181 vom
1848 3129 2062 3180 biscbof
2095 3128 2347 3181 Heinrich
2389 3128 2461 3177 lV
2502 3144 2563 3177 zu
2601 3130 2746 3189 Augs-

432 3214 571 3280 burg
620 3214 878 3280 geweiht,
935 3216 1104 3266 erhalt
1148 3218 1202 3265 in
1256 3216 1558 3268 demselben
1600 3218 1750 3283 jahre
1797 3219 1850 3267 in
1902 3217 2021 3267 Ulm
2076 3234 2176 3268 von
2230 3212 2560 3267 Maximilian
2609 3216 2632 3265 1
2673 3211 2744 3260 die

432 3301 692 3367 regalien,
745 3302 875 3352 wird
921 3307 1050 3354 1521
1095 3321 1196 3355 von
1236 3306 1364 3356 Karl
1406 3306 1466 3365 V,
1513 3309 1644 3356 1523
1696 3322 1797 3357 von
1849 3305 2092 3356 Clemens
2130 3305 2230 3354 Vll
2279 3306 2332 3353 in
2377 3305 2575 3355 seincn·
2602 3299 2744 3368 privi-

430 3388 607 3456 legien
658 3388 928 3458 bestatigt.
1005 3392 1166 3442 Unter
1221 3394 1394 3443 seiner
1446 3394 1773 3461 verwaltung
1828 3393 1958 3444 wird
2018 3394 2146 3443 1509
2199 3394 2316 3443 eine
2371 3390 2640 3441 druckerei
2686 3387 2742 3434 im

434 3477 638 3528 kloster
674 3476 923 3530 errichtet
962 3495 1115 3542 „cum
1156 3480 1223 3530 ad
1264 3482 1566 3533 evitandum
1604 3484 1795 3543 otium,
1843 3488 1952 3531 tum
2004 3479 2070 3530 ad
2109 3478 2495 3529 sublevandum
2532 3477 2742 3529 laborem

430 3566 799 3632 religiosorum
860 3568 1252 3619 scribentium·‘.
1336 3571 1467 3619 1545
1521 3572 1638 3619 eine
1684 3569 1985 3621 offentliche
2032 3568 2348 3620 lebranstalt
2395 3568 2479 3617 fiir
2527 3576 2741 3631 morgen·

428 3652 703 3705 landiscbe
740 3656 995 3721 sprachen
1033 3656 1139 3706 und
1179 3656 1372 3707 hohere
1408 3658 1637 3711 studien.
1709 3660 1843 3711 1536
1871 3657 2042 3707 erhlsst
2080 3673 2135 3707 er
2171 3657 2255 3706 fiir
2291 3657 2404 3705 sein
2443 3656 2638 3706 kloster
2671 3649 2741 3699 dio

428 3740 705 3808 befreiung
755 3758 858 3793 von
910 3743 1135 3793 fremder
1184 3745 1644 3811 gerichtsbarkeit.
1721 3747 1788 3797 So
1840 3746 2046 3796 scheint
2101 3744 2168 3794 ον’
2207 3746 2289 3794 ein
2341 3743 2600 3810 tiicbtiger
2645 3752 2740 3787 vcr-

427 3829 627 3892 walter,
664 3828 771 3879 und
810 3829 894 3879 fiir
931 3829 1015 3880 dIe
1054 3832 1422 3893 wissenschaft
1463 3834 1677 3898 eifriger
1715 3850 1869 3884 mann
1907 3849 2152 3900 gewesen
2193 3849 2256 3883 zu
2299 3834 2429 3882 sein.
2498 3833 2556 3881 In
2591 3828 2741 3888 bezug

428 3918 527 3968 auf
571 3916 811 3968 letzteres
860 3918 955 3969 hat
992 3919 1284 3970 Schelhorn
1321 3920 1412 3970 ihn
1450 3938 1624 3988 gegen
1661 3920 1950 3972 Mabillons
1999 3920 2222 3986 angi-iffi>
2262 3919 2599 3984 vertheidigt,
2649 3909 2740 3976 vg!-

429 4004 714 4056 Corbinian
749 4005 994 4070 Kbamm,
1032 4008 1344 4059 Hier-archia
1380 4010 1712 4075 Augustana.
1772 4010 1903 4061 Pars
1941 4008 2052 4059 1111>
2090 4007 2345 4073 Augustae
2396 4009 2525 4057 1719
2561 4022 2601 4055 s.
2636 4002 2738 4051 339-

429 4096 554 4145 341.
618 4094 986 4160 Feyerabend‚
1027 4095 1351 4161 jahrbiicher
1402 4113 1505 4147 von
1557 4097 1880 4149 Ottobeuren
1929 4098 1999 4158 11,
2050 4114 2092 4146 s.
2146 4096 2262 4146 786.
2325 4098 2444 4146 788.
2497 4096 2611 4144 790.
2658 4086 2736 4146 111,

426 4196 469 4231 s.
503 4183 618 4232 133.
652 4182 766 4233 165.
806 4182 911 4232 und
949 4186 1154 4234 meinen
1195 4184 1453 4236 Nikolaus
1493 4186 1776 4253 Ellenbog,
1817 4186 1971 4237 Wien
2015 4187 2166 4235 1871.
2240 4184 2311 4234 Ει·
2347 4184 2490 4235 starb
2533 4182 2590 4231 15
2621 4176 2734 4227 Nov-

432 4268 566 4317 1546
616 4270 672 4319 in
724 4269 1078 4337 Siipplingen,
1126 4270 1302 4342 wohin
1355 4290 1411 4323 er
1461 4290 1644 4340 wegen
1697 4274 1789 4326 des
1845 4271 2362 4326 schmalkaldiscben
2415 4272 2617 4339 krieges
2659 4277 2734 4329 ge·

426 4352 603 4405 flohen
638 4370 761 4408 war.
874 4362 902 4407 2
943 4359 1325 4429 institutiones]
1352 4362 1667 4413 Redimenta
1702 4362 1900 4430 lingua
1935 4361 2197 4413 hebraicas
2237 4360 2346 4428 vgl.
2385 4359 2518 4411 oben
2555 4362 2584 4407 7
2607 4353 2731 4404 Mart

436 4442 571 4491 1506
608 4456 719 4492 nro,
758 4443 1070 4498 mlxxxv·
2449 4458 2458 4463 '
