2950 5042
1248 378 1377 445 129

206 568 385 635 liensis
430 572 449 608 ¹
500 568 651 653 quid
706 573 921 635 actum
968 568 1082 649 sit,
1126 568 1295 635 scire
1340 566 1550 635 velim.
1643 566 1732 633 Et
1775 567 1842 633 in
1887 568 2064 635 calce
2121 568 2191 635 id
2235 573 2304 635 te
2349 588 2486 651 oro,

204 674 343 757 quod
399 674 513 739 erit
556 674 711 741 mihi
774 674 1363 755 accuratissimum,
1432 679 1509 739 ut
1552 672 1704 739 huic
1749 670 1916 758 Cyro
1979 672 2196 739 ducali
2255 672 2488 759 angelo

201 785 347 843 tuam
387 779 687 863 apocham
730 779 865 845 sive
918 780 1352 865 quietantiam
1397 776 1807 845 commendes
1837 776 1920 844 de
1949 778 2166 847 aureis
2194 778 2498 847 videlicet

202 883 451 949 ducentis
520 906 637 968 pro
720 884 1116 967 sexingentis
1182 884 1618 951 voluminibus
1648 884 1706 963 ²,
1795 904 1938 969 que
2009 890 2161 969 post
2223 889 2497 969 accepta

199 990 338 1071 apud
377 1012 653 1055 sororem
690 990 715 1030 ³
783 991 851 1056 in
897 991 1147 1058 Phorco
1214 997 1329 1057 tuo
1380 990 1641 1057 nomine
1694 989 1982 1075 deposui.
2077 991 2207 1057 Eos
2253 1010 2493 1058 aureos

200 1095 571 1161 nummulario
644 1095 901 1162 cuidam
962 1096 1030 1163 in
1094 1096 1268 1161 diem
1346 1095 1592 1163 addixi.
1699 1095 1916 1175 Quare
1973 1101 2212 1181 praesto
2275 1095 2364 1163 sis
2425 1100 2496 1161 et

197 1199 261 1263 ad
304 1222 542 1267 manum
603 1202 881 1268 futurus.
973 1201 1264 1268 Salutem
1348 1200 1480 1282 dic,
1529 1199 1830 1282 obsecro,
1869 1202 2056 1287 jussu
2109 1220 2252 1269 meo
2309 1199 2499 1267 uxori

196 1305 493 1391 liberisque
548 1310 679 1375 tuis
741 1314 808 1374 et
851 1308 1149 1374 omnibus
1170 1356 1187 1387 ‚
1252 1308 1365 1393 qui
1422 1314 1492 1374 te
1559 1328 1794 1391 meque
1851 1311 2100 1373 amant.
2189 1304 2494 1373 Feliciter

198 1411 319 1476 vale.
400 1414 494 1479 Ex
541 1412 923 1497 Stutgardia
975 1419 1053 1480 12
1102 1412 1427 1480 Kalendas
1476 1410 1867 1479 Decembres
1916 1432 2086 1478 anno
2139 1416 2326 1477 1510.

1111 1518 1213 1583 Jo.
1272 1518 1608 1598 Reuchlin‚
1655 1517 2040 1583 Phor-censis
2085 1512 2213 1581 LL.
2263 1515 2406 1581 doc.

326 1660 470 1723 Aus:
518 1662 725 1721 Basler
768 1660 1281 1721 universitatsbibl.
1314 1661 1628 1721 handschr.
1688 1658 1738 1719 G
1779 1661 1835 1721 11
1887 1662 2004 1721 13⁸
2043 1675 2172 1719 nro.
2207 1660 2286 1723 63
2331 1663 2495 1719 auto-

209 1765 349 1839 graph.

300 2016 567 2081 Stuttgart.
2031 2017 2051 2063 1
2094 2014 2225 2065 Deo.
2271 2016 2425 2064 1510.

191 2148 495 2250 Magistro
560 2153 615 2227 ‚J
619 2151 850 2225 oanni
898 2151 1046 2225 Am
1058 2151 1457 2227 orbaechio
1515 2150 1664 2227 civi
1716 2163 1788 2225 et
1840 2150 2256 2253 impressori
2292 2150 2501 2227 Basi-

264 2275 456 2351 liensi
502 2276 749 2350 amieo
796 2302 929 2349 suo
978 2275 1357 2377 praeeipuo
1408 2273 1490 2378 [J
1491 2301 1558 2349 0.
1611 2272 2008 2377 Reuehlin]
2048 2272 2123 2351 S.
2165 2275 2255 2348 D.
2297 2274 2385 2349 P.

319 2454 408 2518 Ex
452 2454 671 2519 literis
717 2453 849 2519 tuis
880 2455 909 2492 ⁴
953 2452 1109 2517 mihi
1148 2452 1630 2540 jocundissimis
1679 2450 1923 2539 (omnia
1969 2452 2140 2519 enim
2171 2458 2286 2518 tua
2335 2450 2494 2517 mihi

178 2574 390 2623 amoena
433 2556 772 2643 videntur)
818 2558 1041 2641 accepi
1084 2564 1151 2623 te
1198 2578 1468 2642 cupere,
1532 2563 1606 2623 ut
1660 2556 1866 2623 frater
1920 2557 2207 2623 Joannes
2253 2556 2430 2623 Cono
2464 2554 2490 2595 ⁶

178 2682 346 2741 graece
396 2663 762 2729 ‘admodum
833 2662 1063 2729 doctus
1124 2669 1192 2728 et
1248 2662 1449 2729 latine
1506 2662 1680 2748 apud
1741 2683 1853 2729 vos
1913 2662 2186 2729 Basileoe
2246 2660 2505 2727 futurus

179 2774 317 2833 esset
374 2750 475 2833 in‘
509 2768 731 2833 oneris
798 2766 896 2833 tui
962 2766 1399 2833 sublevamen.
1495 2768 1636 2846 Qua
1697 2766 1764 2831 in
1835 2788 1906 2833 re
1978 2788 2231 2834 mecum
2278 2766 2498 2833 sentis.

180 2870 354 2947 Quare
415 2880 483 2939 et
545 2872 844 2938 laboravi
905 2880 973 2937 et
1036 2871 1382 2955 laborab0‚
1443 2879 1518 2940 ut
1570 2872 1706 2937 illic
1750 2864 2074 2955 moretur,
2141 2871 2318 2959 quod
2361 2872 2501 2959 ipse

175 2975 269 3040 tibi
309 2985 607 3063 exponet.
701 2978 795 3043 De
844 2978 1097 3044 caeteris
1142 2978 1336 3044 credo
1383 2984 1449 3043 te
1495 2999 1614 3065 per
1645 2978 1885 3063 Cyrum
1939 2998 2080 3046 esse
2133 2977 2500 3045 certiorem.

179 3080 462 3172 Essetque
554 3084 626 3149 in
690 3104 829 3149 rem
907 3089 1088 3149 tuam
1151 3083 1441 3149 futurum
1464 3132 1482 3164 ‚
1561 3089 1636 3149 ut
1716 3082 2010 3149 ordinem
2069 3082 2385 3151 librorum
2453 3104 2504 3151 0.

179 3186 541 3277 Hieronymi,
575 3210 703 3274 quo
735 3188 945 3273 ipsum
980 3190 1413 3274 impressurus
1446 3210 1535 3270 00,
1567 3188 1655 3255 ad
1684 3211 1786 3257 me
1807 3190 2121 3273 mitteres,
2141 3210 2223 3257 ne
2255 3188 2504 3257 frustra

1313 3334 1349 3375 ιιι

180 3418 318 3473 dieses
355 3424 558 3475 briefes
598 3425 883 3475 bestanden
922 3424 1095 3486 hatte,
1151 3423 1354 3475 damula
1406 3425 1535 3477 aber
1579 3424 1852 3475 vielleicht
1903 3424 2070 3477 durch
2124 3425 2278 3475 einen
2331 3439 2502 3475 neuen

181 3519 355 3577 vei-trag
390 3514 637 3579 gei-egelt
674 3512 864 3564 wurde.
940 3512 1306 3578 (Mittheilung
1343 3529 1447 3563 von
1485 3514 1618 3579 prof.
1661 3514 1742 3564 W.
1779 3513 2008 3564 Viseher
2047 3514 2102 3561 in
2142 3512 2343 3577 Basel.)

298 3607 317 3649 1
357 3602 483 3653 soh.
528 3600 719 3667 Sedel.]
760 3600 1003 3651 Gemeint
1045 3601 1117 3649 ist
1152 3600 1273 3651 Joh.
1316 3601 1549 3664 Froben,
1599 3619 1660 3652 so
1698 3609 1934 3668 genannt
1984 3599 2120 3652 nach
2170 3599 2286 3651 dem
2324 3598 2501 3649 1101100

184 3700 273 3736 zum
308 3690 489 3739 Sessel
546 3692 600 3738 in
641 3688 824 3749 Basel,
869 3686 986 3750 das,
1034 3704 1173 3738 zwar
1220 3688 1421 3740 damals
1460 3689 1602 3740 noch
1645 3690 1716 3739 im
1762 3688 1964 3741 besitze
2010 3705 2109 3739 von
2147 3688 2269 3739 Joh.
2313 3690 2493 3739 Amer-

182 3772 304 3839 bach,
339 3778 481 3827 nach
518 3777 705 3827 dessen
748 3777 867 3827 tode
906 3792 1007 3827 von
1050 3777 1253 3827 Froben
1292 3777 1666 3829 iibernommen
1706 3778 1897 3829 wurde.
1977 3777 2160 3827 Dieser
2205 3774 2505 3825 heirathete

186 3865 295 3913 1510
332 3869 482 3917 scine
520 3867 708 3915 aweite
746 3866 890 3925 frau,
939 3865 1024 3915 die
1064 3867 1286 3917 Get-trud
1326 3866 1566 3917 [1110111101-
1605 3866 1742 3931 (sein
1791 3866 1928 3917 001111
1978 3866 2334 3929 Hieronymus
2387 3877 2497 3914 war

185 3950 323 4002 sehon
368 3959 499 4005 1501
542 3954 818 4019 gehon-en),
871 3956 968 4003 wie
1014 3970 1111 4003 aus
1158 3954 1249 4005 der
1294 3954 1500 4020 angabe
1553 3954 1644 4005 des
1694 3952 1830 4005 liber
1877 3952 2272 4004 benefactorum
2320 3966 2386 4003 011
2423 3966 2502 4005 01·

185 4040 321 4091 seben
359 4044 448 4105 ist,
484 4043 605 4093 dass
650 4044 729 4093 Fr.
777 4049 795 4091 l
840 4041 1035 4108 gulden
1084 4044 1170 4091 fiir
1218 4044 1335 4093 eine
1381 4044 1567 4093 Pitanz
1614 4043 1850 4109 gestiftet
1892 4042 2029 4092 habe
2077 4040 2316 4107 „quando
2365 4039 2499 4091 0010·

185 4124 336 4179 bravit
382 4132 602 4197 nupcias
649 4146 784 4180 anno
831 4133 1017 4181 1510.“
1106 4132 1323 4181 Danach
1374 4132 1445 4183 ist
1484 4130 1826 4196 Stoekmeyer
1871 4130 1980 4181 und
2021 4128 2216 4179 Reber:
2268 4128 2508 4195 beitrage

184 4230 261 4265 zur
297 4218 481 4269 Baslcr
522 4217 1202 4283 huchdruckergeschichte
1247 4234 1287 4269 0.
1338 4220 1404 4268 86
1445 4234 1508 4269 zu
1555 4219 1898 4283 berichtigen.
1974 4214 2344 4283 (Mittheilung
2396 4232 2504 4269 von

185 4305 301 4366 prof.
341 4307 422 4356 W.
464 4308 684 4358 vischer
729 4308 781 4356 in
823 4307 1015 4373 Basel.)
1164 4311 1193 4356 2
1237 4307 1357 4357 Sex.
1407 4306 1622 4375 volum]
1672 4307 1778 4357 Der
1825 4305 2030 4355 Rudim.
2069 4303 2216 4356 hebr.
2257 4320 2298 4357 0.
2335 4322 2384 4356 0.
2425 4307 2491 4357 26

186 4390 315 4441 Mara
362 4398 488 4445 1510
526 4412 639 4445 nro.
681 4394 865 4447 CXIV.
978 4397 1006 4443 3
1051 4392 1323 4445 Elisabeth
1366 4396 1558 4446 Reuter
1593 4410 1633 4445 0.
1672 4394 1872 4459 Lamey
1911 4410 1956 4444 a.
1985 4410 2029 4443 a.
2070 4408 2124 4443 ο.
2153 4408 2197 4443 0.
2237 4397 2302 4444 76
2342 4408 2391 4444 11.
2421 4395 2506 4443 93.

189 4480 215 4523 4
250 4480 561 4534 Amerbachs
596 4482 837 4539 briefist
870 4482 1017 4535 nieht
1054 4483 1306 4537 erhaltcn.
1382 4485 1411 4532 5
1454 4482 1617 4552 Cone]
1649 4500 1688 4533 0.
1709 4499 1754 4532 0.
1779 4484 1920 4551 Sept.
1955 4484 2105 4543 1499,
2145 4499 2258 4533 nro.
2290 4480 2508 4534 bxvu.

232 4576 497 4623 nauehu„
2047 4556 2080 4616 9
