2950 5042
1236 402 1363 469 171

194 615 273 659 me
311 592 546 659 beatum
598 592 957 659 existimavi
976 642 991 672 ,
1056 592 1254 659 etiam
1310 591 1576 660 oraculo
1623 590 1948 673 veritatis,
1996 590 2170 677 quod
2217 589 2460 657 malum

194 699 255 764 de
302 720 388 764 me
444 698 737 764 dixerunt
798 700 1205 765 mentientes.
1298 699 1461 764 Nam
1511 697 1720 764 multa
1766 718 2072 783 generose
2119 697 2460 763 ferendum

190 810 266 869 est
292 804 437 869 bono
464 804 597 870 viro
630 805 743 889 qui
788 826 857 870 se
890 804 1137 871 mavult
1169 804 1404 871 vixisse
1438 824 1632 889 quam
1666 804 1969 889 spirasse.
2065 802 2252 869 Unde
2285 801 2459 889 quod

186 909 309 973 mihi
358 908 585 975 malum
642 910 875 976 scribis
922 910 1445 976 Climactericum
1513 929 1656 975 esse
1703 909 2052 989 minatum,
2115 908 2180 974 id
2228 930 2346 993 ego
2389 908 2457 973 in

184 1020 391 1097 partem
432 1014 785 1081 foelicitatis
832 1036 1088 1100 repono,
1136 1036 1255 1081 nec
1300 1015 1484 1081 illum
1531 1014 1720 1081 samse
1757 1015 2083 1099 jacturam
2129 1014 2293 1095 volo,
2341 1013 2459 1079 sed

183 1120 357 1203 gloriae
396 1122 897 1206 perpetuitatem
942 1122 1309 1206 praesagire.
1402 1120 1676 1201 Quando
1707 1120 1878 1187 enim
1909 1120 2458 1187 incendiariorum

180 1232 363 1292 contra
400 1248 497 1291 me
541 1227 797 1293 famosa
842 1226 1235 1294 machinatio
1280 1228 1480 1313 coepit
1526 1228 1692 1293 scire
1738 1227 1913 1293 licet.

312 1333 481 1397 Anno
528 1332 744 1399 aetatis
790 1352 951 1399 meae
996 1332 1532 1417 quinquagesimo
1580 1332 1804 1419 quinto
1851 1339 2006 1398 tunc
2053 1338 2294 1418 proesto
2339 1331 2456 1397 ad-

178 1441 287 1501 erat
310 1436 733 1505 climacterici
766 1440 787 1477 ¹
834 1458 875 1503 a
921 1437 1127 1503 natali
1156 1460 1300 1505 meo
1333 1439 1444 1524 qui
1476 1438 1601 1504 fuit
1632 1437 1874 1505 Christi
1913 1442 2080 1503 1455
2115 1438 2181 1503 in
2213 1458 2450 1503 annum

182 1547 311 1607 1510
358 1544 681 1609 revolutio
740 1544 1093 1629 ejusmodi,
1170 1545 1354 1629 cujus
1398 1542 1706 1629 figuram,
1775 1543 1928 1629 quia
1991 1542 2445 1628 philosophum

172 1652 219 1711 te
253 1648 589 1732 perfectum
638 1654 707 1713 et
752 1670 878 1714 non
924 1647 1247 1715 trivialem
1292 1670 1592 1733 agnosco,
1639 1649 1744 1715 hic
1790 1648 1912 1715 tibi
1955 1648 2245 1733 ascripsi.
2323 1648 2454 1715 Ubi

172 1755 475 1837 conspicies
508 1755 863 1822 Saturnum
912 1760 1161 1839 septem
1208 1754 1644 1834 fortitudines,
1695 1755 1974 1820 Martem
2003 1758 2150 1819 octo
2182 1753 2446 1834 babere,

174 1858 251 1923 sed
290 1860 501 1925 Jovem
562 1861 679 1945 qui
726 1860 941 1939 Zedek
1001 1860 1307 1927 hebraice
1370 1863 1742 1927 nominatur
1785 1859 1852 1926 id
1899 1866 2001 1927 est
2036 1860 2285 1945 justus,
2331 1860 2454 1925 mi-

170 1984 343 2029 norem
394 1967 473 2032 iis
540 1988 689 2032 esse
734 1986 813 2031 ac
860 1966 1063 2032 ternis
1128 1968 1336 2033 solum
1400 1965 1648 2033 viribus
1714 1966 1980 2052 pollere.
2072 1964 2242 2031 Audi
2285 1986 2458 2032 nunc

165 2068 599 2155 Hierophantas
656 2078 721 2137 et
759 2072 1224 2157 praesagiorum
1266 2078 1449 2139 vates
1482 2073 1770 2139 Bonatus
1801 2072 1882 2137 de
1915 2071 2453 2139 revolutionibus:

164 2194 272 2239 cum
313 2176 657 2257 Saturnus,
718 2178 842 2258 ait,
902 2178 969 2242 in
1028 2179 1225 2243 tertia
1271 2178 1459 2244 domo
1507 2176 1706 2243 fuerit
1748 2178 2076 2257 inventus,
2133 2176 2454 2261 significat

162 2280 297 2347 rixas
317 2283 341 2322 ²
384 2289 450 2348 et
496 2282 861 2350 discordias
891 2290 1201 2351 venturas
1245 2284 1393 2369 plus
1440 2284 1653 2350 solito,
1745 2284 2060 2350 Firmicus
2104 2282 2228 2349 ita:
2276 2284 2456 2350 Mars

159 2384 207 2449 in
256 2395 473 2472 quarto
521 2389 671 2455 loco
717 2388 915 2456 faciet
958 2412 1070 2457 eos
1116 2390 1253 2456 sine
1300 2390 1514 2475 gratia
1555 2395 1870 2474 proestare
1918 2389 2090 2475 quod
2137 2389 2456 2458 dederint.

161 2490 289 2557 Nam
348 2496 717 2581 quicunque
764 2494 1013 2581 aliquid
1060 2496 1145 2562 ab
1188 2495 1351 2581 ipsis
1396 2495 1595 2561 fuerit
1641 2502 2095 2581 consequutus,
2159 2498 2452 2582 ingratus

153 2596 253 2664 illis
290 2620 540 2686 semper
588 2598 831 2691 exi-stit.
926 2602 1175 2667 Deinde
1241 2603 1295 2668 si
1345 2602 1522 2667 Mars
1567 2601 1766 2667 fuerit
1808 2602 1874 2667 in
1924 2602 2274 2687 Scorpione
2319 2604 2458 2688 qui-

154 2723 387 2790 cumque
434 2728 589 2773 eum
639 2706 731 2772 sic
775 2706 1127 2774 habuerint
1171 2706 1464 2773 homines
1513 2714 1706 2775 erunt
1751 2708 1862 2792 qui
1909 2708 2207 2774 omnibus
2261 2707 2452 2775 facile

152 2807 381 2878 inimicis
426 2813 571 2879 suis
602 2812 1028 2895 dominentur,
1076 2820 1269 2879 erunt
1310 2834 1568 2899 quoque
1605 2814 1728 2879 alti
1758 2813 2032 2879 nominis
2065 2815 2452 2900 optimaeque

152 2913 361 2983 famae“.
453 2918 647 2997 Quod
692 2917 795 2983 hic
844 2918 1234 3004 Cuspiniane
1284 2920 1526 2999 cernis,
1575 2940 1720 2984 cum
1779 2924 1934 2984 ante
1992 2925 2228 2985 caetera
2272 2920 2452 2985 Mars

151 3021 395 3099 gaudeat
456 3024 819 3109 scorpione.
912 3026 1008 3091 De
1054 3025 1215 3092 Jove
1282 3030 1504 3092 autem
1574 3026 1904 3091 Bonatus:
1985 3026 2194 3111 „quod
2261 3026 2317 3092 si
2385 3027 2453 3091 in

150 3127 335 3207 quinto
380 3127 674 3209 habitet,
720 3129 951 3196 fientes
1009 3130 1297 3197 honestae
1362 3152 1504 3216 quae
1567 3138 1900 3197 merentur
1946 3130 2274 3199 landem“.
2365 3133 2454 3199 Et

147 3228 421 3302 Firmicus
470 3256 760 3321 quoque:
831 3236 1127 3322 „Jupiter
1186 3237 1255 3301 in
1316 3238 1542 3322 quinto
1601 3258 1838 3321 magna
1883 3236 2291 3306 foelicitatum
2339 3260 2452 3322 ag-

147 3344 331 3406 menta
382 3341 743 3407 decernit“.
836 3343 1057 3408 Habes
1116 3364 1198 3408 ex
1256 3341 1469 3427 adytis
1519 3363 1830 3427 responsa
1877 3344 2112 3428 quibus
2159 3345 2449 3410 arbitror

146 3440 194 3503 in
232 3452 447 3512 nostra
494 3466 724 3525 causa,
785 3468 930 3513 cum
988 3447 1211 3513 videas
1256 3446 1531 3532 figuram
1579 3448 1755 3528 coeli,
1819 3448 1978 3513 nihil
2025 3470 2166 3514 esse
2214 3449 2447 3515 verius.

144 3546 293 3616 Adde
336 3557 490 3636 post
552 3556 803 3617 naturae
860 3559 1106 3634 motus,
1170 3553 1367 3619 etiam
1422 3574 1673 3619 morum
1733 3552 2169 3619 conditionem
2215 3560 2284 3620 et
2327 3554 2452 3619 vir-

148 3657 327 3721 tutum
397 3658 1035 3745 quantuluscumque
1103 3661 1221 3726 sim
1240 3711 1257 3742 ‚
1309 3660 1448 3745 jam
1511 3660 1681 3725 enim
1751 3658 2161 3725 familiariter
2236 3664 2453 3725 tecum

142 3759 354 3846 loquor,
390 3765 723 3849 jungeque
774 3765 1211 3833 innocentiam
1258 3788 1467 3832 meam
1489 3815 1504 3846 ,
1563 3766 1656 3832 sic
1703 3764 1894 3831 facile
1941 3763 2266 3850 judicabis
2310 3766 2448 3831 viro

1258 3914 1289 3949 ῆι

264 4002 283 4045 1
326 4000 482 4049 Sonst
513 3999 639 4050 wird
670 4000 726 4065 je
762 3999 857 4051 das
892 4000 1128 4051 siebente
1156 4002 1279 4065 jahr
1314 4001 1393 4053 als
1428 4016 1597 4051 annus
1636 4001 2022 4053 climactericus
2057 4016 2452 4069 angenommen‚

141 4079 232 4132 bier
265 4085 329 4135 ist
368 4102 423 4137 es
462 4089 751 4155 dasjenige‚
790 4089 885 4141 das
922 4093 974 4141 in
1014 4090 1187 4140 seiner
1211 4106 1411 4141 summe
1448 4090 1540 4140 der
1569 4090 1685 4140 zahl
1725 4090 1816 4141 des
1841 4090 2232 4157 geburtsjabres
2271 4090 2452 4156 gleich

140 4168 209 4219 ist.
276 4174 371 4223 Die
422 4176 718 4243 zeicbnung
753 4179 821 4227 ist
872 4177 987 4229 dem
1038 4177 1205 4229 briefe
1258 4179 1405 4229 nicht
1450 4180 1741 4245 beigeft‘igt.
1889 4183 1918 4228 2
1961 4179 2204 4229 Gemeint
2249 4180 2319 4229 ist
2359 4179 2453 4230 das

140 4258 259 4308 work
292 4262 591 4313 Matheseos
635 4264 761 4314 libri
802 4266 925 4316 Vlll
965 4266 1075 4329 das,
1126 4283 1227 4317 von
1268 4268 1446 4317 Julius
1481 4268 1743 4318 Fir-micus
1781 4266 2076 4329 Maternus,
2127 4274 2282 4317 unter
2317 4267 2452 4319 Con-

140 4348 309 4397 stantia
356 4350 474 4401 dem
512 4348 727 4415 grossen,
765 4354 1037 4405 vielleicht
1072 4356 1209 4405 nach
1250 4356 1435 4407 dessen
1475 4356 1596 4406 tode
1635 4358 1737 4405 336
1777 4356 2020 4417 verfasst,
2057 4361 2229 4407 zuerst
2269 4356 2450 4409 Venet.

148 4434 255 4482 1497
290 4436 378 4487 sol.
420 4440 659 4489 erachien
701 4441 807 4490 und
852 4448 1031 4507 apator
1078 4443 1259 4511 lmuflg
1306 4444 1576 4511 ausgeiegt
1623 4443 1824 4505 wurde,
1875 4444 2021 4494 mehr
2070 4444 2455 4519 astrologische

141 4526 485 4595 gegenstsnde,
522 4528 601 4580 als
641 4528 725 4581 die
760 4531 1226 4593 mathema-{sehon
1270 4533 1472 4596 Labi-en
1512 4533 1809 4597 bebandelt.
