2950 5042
1299 384 1432 453 203

206 574 333 641 dem
394 574 526 641 diei
587 573 1106 661 postmeridiana
1151 574 1236 643 ad
1284 572 1631 642 videndum
1677 572 1945 659 procedi
1989 578 2218 642 contra
2262 574 2523 643 oculare

205 680 522 766 speculum
563 680 878 747 Johannis
913 679 1226 747 Reuchlin
1259 679 1608 745 Phorcen.“
1672 680 1904 765 Itaque
1932 680 2095 747 hora
2126 681 2327 747 tertia
2358 681 2526 765 ejus-

203 786 332 853 dem
356 786 490 851 diei
513 785 866 853 sessionem
884 784 1212 870 publicam
1233 784 1606 851 habuerunt
1634 784 1701 849 in
1720 784 1970 853 ambitu
2002 785 2291 853 ecclesiae
2324 787 2527 871 majo-

199 894 280 959 ris
309 891 722 976 Moguntinae,
753 890 868 959 ubi
886 890 1094 957 frater
1115 892 1158 957 J
1159 890 1402 958 acobus
1425 890 1861 958 Hochstraten
1888 890 1991 957 vel
2024 890 2103 957 de
2136 890 2272 959 alta
2302 892 2525 978 platea

200 996 484 1065 exhibuit
512 996 822 1065 articulos
867 996 1010 1063 loco
1042 996 1247 1063 libelli
1293 996 1543 1082 absque
1589 996 1721 1063 ullo
1754 997 2149 1079 adversario,
2196 998 2301 1065 cui
2331 998 2527 1065 datus

201 1110 294 1171 est
337 1103 656 1169 terminus
704 1102 788 1169 ad
833 1101 1241 1187 probandum
1289 1102 1392 1169 die
1437 1101 1725 1169 crastina
1777 1102 2151 1169 immediate
2212 1104 2527 1190 sequenti,

199 1231 380 1276 mane
437 1209 604 1279 hora
666 1213 912 1275 octava.
1021 1209 1199 1274 Tunc
1263 1206 1491 1275 eodem
1566 1206 1671 1275 die
1739 1209 2057 1294 processit
2112 1209 2199 1275 ad
2262 1210 2527 1277 testium

203 1314 742 1382 examinationem
813 1336 1064 1396 eorum,
1123 1336 1286 1400 quos
1359 1334 1579 1381 secum
1646 1312 2016 1381 adduxerat
2084 1314 2331 1382 ordinis
2408 1316 2527 1398 sui,

199 1422 446 1488 nemine
495 1420 902 1487 adversante.
995 1420 1203 1506 Super
1249 1441 1376 1505 quo
1424 1417 1839 1504 praefixerunt
1884 1420 2231 1487 terminum
2276 1421 2361 1487 ad
2416 1420 2529 1488 ho-

198 1549 332 1595 ram
394 1526 660 1593 tertiam
721 1526 1012 1612 ejusdem
1071 1526 1201 1592 diei
1255 1524 1831 1611 postmeridianam
1876 1525 1962 1591 ad
2016 1524 2527 1596 concludendum

198 1634 259 1699 in
303 1653 522 1699 causa.
615 1632 756 1711 Qua
816 1632 978 1697 hora
1023 1631 1319 1697 veniente
1376 1631 1847 1712 concluserunt,
1896 1630 2067 1717 quia,
2114 1638 2189 1697 ut
2233 1631 2531 1716 concupi-

200 1744 440 1819 verant,
488 1759 618 1804 non
663 1737 1030 1804 habuerunt
1073 1735 1553 1817 adversarium3
1618 1742 1690 1803 et
1734 1736 2266 1823 interposuerunt
2313 1738 2531 1805 decre-

207 1852 368 1925 tum,
437 1843 596 1929 quid
655 1843 720 1907 in
787 1864 866 1908 ea
911 1864 1109 1909 causa
1155 1843 1529 1909 conclusum
1576 1848 1749 1908 esset
1794 1848 1861 1909 et
1904 1864 2024 1928 pro
2072 1843 2372 1911 concluso
2418 1842 2532 1909 hap

207 1950 514 2017 bendum:
567 1953 966 2029 „statuentes
999 1949 1344 2015 terminum
1374 1968 1493 2034 pro
1526 1946 1797 2015 ferenda
1828 1951 2152 2017 sententia
2182 1947 2530 2031 definitiva,

201 2057 280 2123 ad
325 2055 694 2141 proximam
739 2054 914 2119 diem
951 2053 1367 2140 juridicam“.

372 2162 581 2241 Quam
615 2158 876 2245 quidem
907 2160 1295 2227 sententiam
1329 2165 1396 2227 et
1425 2158 1629 2226 frater
1666 2160 1687 2198 ¹
1733 2157 2038 2241 Jacobus,
2084 2160 2195 2245 qui
2227 2159 2349 2227 fuit
2377 2180 2533 2246 pars

199 2274 262 2334 et
325 2265 755 2333 commissarii
815 2286 945 2332 una
1001 2265 1192 2331 simul
1244 2265 1497 2350 pariter
1558 2286 1780 2332 omnes
1840 2265 2013 2331 inter
2067 2287 2136 2331 se
2183 2270 2416 2333 contra
2458 2266 2533 2331 li-

200 2372 440 2439 bellum
503 2392 718 2437 meum
783 2372 951 2437 clam
1011 2375 1464 2456 conceperunt,
1528 2369 1848 2453 videlicet,
1894 2376 1968 2437 ut
2010 2370 2269 2456 publice
2313 2370 2537 2439 trade-

196 2485 376 2545 retur
420 2477 553 2561 igni
602 2477 1094 2558 comburendus,
1138 2476 1204 2541 in
1251 2476 1467 2542 medio
1509 2475 1633 2542 fori
1665 2477 2029 2561 Moguntiae.
2121 2476 2537 2562 Quapropter

195 2584 358 2649 feria
402 2582 605 2648 tertia
663 2582 953 2667 proxime
1013 2581 1423 2667 praecedente
1483 2581 2053 2667 promulgaverant
2114 2582 2183 2647 in
2244 2582 2535 2649 ecclesiis

195 2689 453 2774 publice
498 2688 878 2754 mandatum
912 2687 937 2726 ²
983 2687 1159 2773 quod
1192 2687 1559 2773 quicunque
1592 2687 1869 2755 haberet
1912 2686 2220 2766 libellum,
2268 2686 2533 2753 oculare

196 2794 558 2879 speculum,
615 2793 1015 2859 nominatum
1073 2792 1345 2858 deberet
1405 2791 1640 2859 offerre
1696 2791 1784 2860 ad
1842 2814 2071 2858 manus
2130 2792 2533 2877 inquisitoris

202 2900 318 2967 sub
369 2921 566 2986 poena
607 2898 1303 2967 excommunicationis.
1397 2898 1597 2966 Ortus
1642 2905 1745 2965 est
1786 2899 1985 2983 igitur
2016 2919 2143 2965 non
2188 2896 2533 2965 mediocris

197 3006 519 3072 tumultus
578 3006 751 3071 inter
813 3003 1152 3071 studentes
1192 3003 1358 3090 juris
1405 3009 1474 3069 et
1520 3004 1818 3072 doctores
1866 3003 2179 3089 quosdam
2224 3004 2535 3071 universi-

196 3113 369 3193 tatis,
415 3112 709 3196 aliosque
755 3109 1000 3177 ibidem
1056 3131 1250 3195 quam
1296 3109 1610 3195 plurimos
1665 3110 1981 3177 dicentes:
2046 3132 2153 3191 „se
2201 3130 2533 3195 nunquam

196 3224 329 3284 tam
375 3216 745 3284 maleficum
789 3236 1164 3302 processum
1227 3237 1305 3282 ac
1363 3221 1499 3283 tam
1544 3215 1839 3302 iniquum
1905 3216 2263 3298 audivisse,
2324 3238 2535 3303 neque

200 3322 450 3408 legisse,
512 3322 624 3389 ubi
681 3327 1026 3407 tantopere
1086 3328 1324 3389 cuncta
1369 3322 1943 3408 praecipitarentur
1989 3344 2137 3390 cum
2182 3323 2421 3409 injuria
2467 3330 2535 3391 et

198 3435 272 3495 ut
314 3431 520 3516 ajunt,
568 3428 889 3495 nulliter.“
989 3428 1128 3507 Quo
1159 3428 1321 3493 moti
1351 3427 1692 3494 reverendi
1740 3434 1807 3494 et
1836 3429 2243 3496 venerabiles
2275 3428 2534 3510 domini,

201 3534 482 3601 decanus
531 3541 599 3601 et
643 3533 1000 3620 capitulum
1047 3532 1336 3601 ecclesiae
1382 3533 1793 3615 cathedralis,
1843 3533 2247 3601 conabantur
2277 3535 2363 3600 ad
2392 3533 2534 3615 hoc,
2646 3620 2652 3629 ι

200 3648 270 3707 ut
313 3642 492 3727 apud
523 3640 788 3707 eosdem
819 3640 1250 3725 impetrarent
1280 3640 1754 3726 aliquantulam
1786 3638 2161 3705 dilationem
2193 3640 2534 3706 sententiae

200 3753 526 3832 conceptae
584 3746 739 3832 quia
807 3751 1151 3832 sperarent
1209 3744 1295 3812 ad
1367 3746 1615 3830 scripta
1670 3764 1894 3810 eorum
1953 3766 2055 3809 me
2101 3744 2535 3830 personaliter

135 3837 148 3853 ’
203 3858 560 3933 venturum,
631 3860 785 3917 tunc
831 3852 1072 3918 vellent
1128 3851 1210 3917 de
1267 3852 1497 3918 mediis
1542 3850 1901 3919 concordiae
1955 3850 2239 3935 cogitare
2284 3850 2350 3916 in
2396 3872 2535 3917 rem

205 3958 540 4045 utriusque
586 3959 815 4044 partie.

375 4064 848 4131 Praedicatores
894 4070 1116 4131 autem
1154 4064 1294 4149 jam
1340 4063 1831 4148 divulgaverant
1876 4083 1979 4127 me
2026 4082 2352 4147 nunquam
2394 4084 2537 4130 esse

207 4175 565 4250 venturum,
605 4192 726 4236 nec
756 4192 858 4237 me
891 4172 1132 4237 audere
1163 4170 1422 4237 illorum
1453 4170 1671 4236 vultus
1703 4168 2032 4252 aspicere;
2079 4188 2281 4253 quare
2313 4188 2541 4253 accep-

207 4276 428 4342 tarunt
471 4276 745 4343 eandem
791 4274 1168 4344 dilationem
1215 4297 1422 4362 usque
1452 4276 1541 4342 ad
1572 4278 1877 4360 quartam
1923 4273 2155 4339 feriam
2182 4279 2335 4359 post
2366 4272 2539 4341 diem

1331 4424 1367 4463 a:

361 4518 380 4564 1
423 4514 626 4567 Fratres
670 4520 712 4569 l.
856 4520 884 4566 2
927 4514 1254 4585 mandatum]
1295 4530 1414 4572 vom
1454 4516 1486 4574 8
1525 4514 1779 4577 Oktober.
1858 4514 1992 4577 Acta
2030 4514 2071 4574 B
2110 4513 2201 4565 iiib
2241 4513 2276 4571 f.
