2950 5042
1249 353 1336 426 49

162 564 335 636 opera
379 543 462 618 ad
509 549 760 637 majora
807 558 1116 618 reservat.
1212 551 1350 630 Quo
1397 549 1491 630 fit,
1540 557 1614 617 ut
1647 552 1817 618 inter
1862 549 2159 619 assiduos
2202 553 2459 620 nostros

163 658 422 740 gemitus,
467 657 590 722 hoc
635 679 830 724 unum
878 656 999 722 tibi
1046 657 1357 742 gratulor,
1405 657 1492 722 mi
1536 657 1758 738 frater,
1805 657 1962 724 mihi
2010 680 2265 744 quoque
2306 680 2459 744 gau-

161 763 278 841 deo,
321 763 425 847 qui
469 783 511 827 a
556 762 762 828 literis
809 761 1056 828 scilieet
1102 762 1502 842 abstractae,
1566 762 1741 848 apud
1788 783 1935 830 eum
1999 770 2219 831 tamen
2280 764 2461 850 degis

163 868 477 952 prinoipem
533 871 574 947 ¹,
624 890 749 954 quo
795 867 932 933 haec
989 875 1216 934 nostra
1263 868 1614 934 Germania
1673 867 1837 934 nihil
1892 868 2095 936 habet
2148 869 2464 938 excellen-

164 974 284 1053 tius,
335 973 486 1038 nihil
534 973 868 1054 illustrius,
932 974 1171 1058 quippe
1233 973 1346 1060 qui
1409 973 1722 1058 singulari
1782 995 1901 1040 sua
1961 976 2202 1042 virtute
2262 982 2462 1063 atque

166 1077 454 1144 beneactae
517 1079 665 1144 vitae
729 1101 862 1146 suae
921 1079 1262 1163 praeconiis
1329 1080 1843 1146 cantatissimum
1913 1080 2143 1149 ducale
2207 1103 2461 1164 nomen,

165 1183 549 1270 militarisque
581 1184 854 1250 Romani
885 1184 1144 1269 imperii
1176 1184 1529 1270 disciplinae
1570 1207 1941 1270 supremum
1972 1186 2461 1272 magisterium¹

159 1289 274 1372 jure
313 1289 722 1356 meritissimo
769 1290 910 1370 jam
954 1289 1206 1374 pridem
1272 1312 1312 1357 a
1368 1297 1785 1358 sacrosancta
1844 1293 2046 1378 Regia
2116 1293 2464 1378 Majestate

170 1393 414 1460 obtinere
441 1395 705 1461 meruit.
781 1394 996 1479 Atque
1028 1395 1298 1480 proinde
1330 1396 1569 1475 nescio,
1618 1397 1671 1461 si
1715 1397 1887 1482 quod
1931 1399 2349 1483 praestantius
2396 1399 2463 1464 in

172 1500 322 1565 terris
371 1522 609 1568 nomen
673 1521 714 1566 a
759 1500 900 1566 Diis
959 1501 1436 1568 immortalibus
1492 1501 1731 1568 illustri
1786 1523 1919 1569 suae
1972 1502 2465 1588 magnificentiae

179 1604 409 1672 conferre
453 1606 772 1691 potuerit.
849 1607 1043 1672 Vivat
1087 1628 1284 1692 posco
1333 1607 1446 1674 diu
1484 1607 1666 1673 foelix
1698 1607 1842 1674 Dux
1884 1609 2203 1676 maximus
2244 1609 2459 1676 armis.

185 1708 250 1773 Et
279 1713 480 1794 patriae
531 1711 760 1797 praesit
804 1711 1206 1798 imperioque
1255 1713 1386 1780 diu.

308 1815 624 1882 Caeterum
682 1817 1166 1884 emendationes
1226 1825 1374 1885 tuas
1434 1819 1501 1883 in
1549 1818 1750 1886 libros
1796 1818 1879 1884 de
1928 1819 2143 1886 Verbo
2188 1819 2457 1888 mirifico

173 1939 260 2012 per
280 1925 336 1987 te
363 1928 634 1988 notatas
666 1923 730 1986 in
763 1921 888 1987 fine
921 1922 1217 1989 citandas
1263 1923 1509 2008 perlegi
1545 1923 1586 1988 ³.
1662 1923 1851 1991 Dabo
1884 1945 2140 2010 quoque
2173 1946 2460 2010 operam,

170 2033 432 2108 quantum
469 2027 538 2091 in
585 2047 688 2092 me
723 2028 872 2108 erit,
914 2033 991 2093 ut
1036 2030 1428 2113 conjunctim
1469 2048 1589 2114 pro
1630 2035 1743 2096 tuo
1792 2035 1941 2097 voto
1987 2031 2459 2114 imprimantur,

166 2138 284 2212 post
329 2133 576 2198 calcem
634 2153 889 2217 quoque
947 2154 1171 2200 eorum
1227 2133 1539 2202 librorum
1602 2135 1715 2220 qui
1766 2134 1981 2202 adhuc
2041 2136 2108 2200 in
2162 2135 2460 2204 manibus

164 2243 282 2302 sunt
325 2239 740 2331 impressor-is
796 2245 1223 2323 reponantur,
1281 2261 1409 2324 quo
1465 2240 1875 2325 conspectius
1932 2240 2179 2324 liquere
2236 2242 2460 2325 possit,

162 2342 356 2424 quibus
397 2345 470 2409 iu
517 2345 676 2410 locis
734 2344 1198 2428 impressorum
1263 2345 1743 2413 inadvertentia
1788 2346 2081 2431 egregias
2141 2353 2291 2413 tuas
2354 2345 2462 2412 de·

159 2451 414 2529 pravarit
445 2450 824 2515 sententias.
902 2451 997 2516 Tu
1028 2451 1280 2520 interea
1311 2451 1601 2529 curabis,
1648 2457 1723 2518 ut
1760 2451 2111 2536 aliquando
2144 2457 2212 2518 te
2244 2471 2462 2520 coram

158 2555 420 2646 contueri
482 2555 709 2634 liceat,
789 2561 1032 2639 tuaque
1088 2557 1559 2640 jucundissima
1628 2556 1758 2622 frui
1820 2556 2185 2640 praesentia.
2276 2555 2458 2636 Vale,

155 2660 506 2726 suavissime
563 2668 956 2745 praeceptor,
1035 2667 1316 2746 tuasque
1375 2662 1844 2728 amoenissimas
1908 2661 1993 2727 ad
2053 2682 2157 2727 me
2229 2661 2462 2744 saepius

155 2761 231 2828 ire
270 2765 442 2831 sinas
489 2764 801 2829 literulas.
893 2765 1182 2831 Plurima
1241 2773 1307 2832 te
1354 2789 1519 2853 puer
1573 2772 1797 2832 noster
1844 2759 2227 2851 Onopliryus
2274 2765 2303 2803 ⁴
2348 2766 2461 2830 im·

156 2870 328 2950 pertit
374 2870 672 2948 salutem,
709 2870 830 2954 ‘qui
875 2871 1126 2936 utinam
1174 2871 1294 2937 sub
1344 2878 1410 2938 te
1457 2873 1787 2955 magistro,
1833 2875 2027 2956 teque
2060 2874 2460 2955 praeceptore

157 2971 220 3038 de
259 2973 760 3059 locupletissimo
809 2973 1228 3060 effluentique
1262 2977 1552 3042 Castalio
1600 2983 1714 3042 tuo
1760 2976 1956 3042 latice
1990 2997 2197 3062 aquas
2227 2979 2455 3060 potare

158 3079 469 3146 mellifluas
515 3079 864 3164 aliquando
911 3087 1153 3164 posset.
1232 3083 1477 3148 Iterum
1524 3083 1685 3163 vale,
1731 3082 2071 3150 literarum
2120 3089 2188 3148 et
2230 3081 2460 3166 patriae

159 3175 368 3252 nostrae
415 3186 632 3254 decus.
723 3186 820 3250 Ex
880 3187 1168 3268 Basilea,
1225 3187 1537 3253 Kalendis
1585 3187 1993 3270 octobribuS,
2054 3209 2223 3254 anno
2274 3190 2464 3252 1495.

309 3296 635 3356 Gedruekt:
688 3301 716 3354 1
756 3317 840 3350 ιτ-
875 3294 937 3354 C.
987 3279 1140 3356 v.'e.
1185 3313 1218 3357 e
1252 3292 1423 3371 7a.b3
1477 3302 1513 3357 2
1559 3299 1616 3359 J.
1658 3315 1712 3360 v.
1758 3316 1809 3360 e.
1849 3295 1981 3358 f4b
2021 3313 2140 3374 sq.;
2193 3300 2227 3356 3
2278 3316 2361 3354 -..-..·
2394 3293 2456 3354 C.

165 3412 203 3459 v.
231 3419 274 3462 e.
305 3402 361 3462 Π
389 3400 489 3462 fol.
527 3403 646 3461 37⁸
679 3403 817 3461 38⁸.

1270 3547 1302 3585 >lt

283 3655 304 3704 1
342 3651 652 3722 principem]
699 3651 968 3705 Eberhard
1013 3664 1115 3704 von
1164 3652 1549 3717 Wiirtemberg.
1698 3655 1727 3702 2
1768 3632 1913 3704 iiber
1964 3645 2267 3700 Eberhards
2314 3645 2463 3698 erhe-

164 3733 284 3806 bung
317 3757 410 3792 zur
455 3741 864 3808 herzogswiirde
901 3740 1010 3808 vgl,
1061 3741 1197 3792 oben
1238 3757 1280 3791 s.
1319 3741 1384 3790 47
1425 3755 1562 3790 anm.
1608 3741 1653 3790 1.
1800 3742 1831 3788 3
1873 3737 2060 3789 Dieses
2100 3733 2463 3786 druckfehler-

164 3829 486 3883 vorzeiohniss
512 3831 597 3894 ist,
635 3831 822 3882 soweit
844 3831 932 3884 ich
957 3830 1099 3893 sehe,
1139 3833 1246 3880 erst
1271 3829 1326 3877 in
1365 3827 1455 3878 der
1482 3825 1616 3877 oben
1642 3840 1755 3876 uro.
1782 3823 1955 3876 XLVI
1986 3826 2015 3872 3
2044 3821 2464 3875 beschriebenen

167 3917 370 3982 ansgabe
407 3917 737 3984 abgedruckt
774 3917 1002 3972 worden.
1119 3921 1153 3967 4
1189 3915 1508 3982 Onophryus
1546 3916 1710 3964 Brant
1746 3912 1997 3964 studierte
2035 3910 2089 3960 in
2129 3909 2310 3971 Basel;
2348 3910 2465 3960 eine

167 4007 354 4056 voi-rede
391 4024 457 4058 zu
495 4007 594 4058 den
632 4007 908 4073 predigten
944 4006 1076 4057 iiber
1111 4005 1205 4055 das
1243 4003 1595 4054 narreuschiff
1628 4001 1735 4051 und
1773 4017 1841 4051 zu
1878 4000 2051 4050 seines
2088 4004 2260 4048 vaters
2299 3997 2465 4046 werk:

171 4089 220 4138 In
241 4091 324 4142 das
356 4088 508 4146 leben
548 4094 658 4144 und
697 4093 1070 4160 tugendlichen
1108 4091 1453 4159 geschichten
1492 4091 1685 4156 keyser
1723 4089 1833 4140 'riti
1868 4087 2182 4154 Vespasiani
2214 4087 2345 4136 1520
2372 4084 2465 4136 fol.

171 4176 228 4226 ist
267 4196 360 4232 von
403 4182 530 4233 ihm.
606 4181 728 4248 Vgl.
784 4181 845 4232 A.
896 4181 976 4234 W.
1024 4164 1258 4242 Strobel,
1307 4179 1549 4246 beitrage
1598 4193 1689 4228 zur
1732 4174 2021 4228 deutschen
2068 4175 2308 4225 litei-atur
2359 4171 2466 4222 und

54 4315 60 4328 ,
169 4263 493 4336 literargesch.
540 4272 698 4321 Paris
743 4269 850 4318 und
901 4268 1208 4334 Strassburg
1257 4272 1389 4319 1827
1431 4284 1472 4318 s.
1518 4267 1580 4316 15
1620 4267 1654 4318 f.
1729 4263 2015 4316 Vielleicht
2062 4261 2155 4313 hat
2208 4259 2465 4310 Reuchlin

173 4351 214 4400 in
243 4356 370 4424 folge
404 4359 576 4410 dieses
612 4355 811 4408 briefes'
849 4355 948 4408 den
987 4359 1148 4408 Brant
1184 4355 1565 4424 ausgefordert‚
1612 4355 1795 4406 seinen
1831 4352 1964 4402 sohn
2003 4349 2321 4415 Onophryus
2356 4345 2465 4394 ihm

175 4454 224 4492 flu
255 4445 507 4512 schicken‚
544 4445 656 4514 vgl.
694 4449 856 4496 unten
892 4461 1005 4497 nro.
1043 4445 1214 4496 LXIX
1253 4459 1390 4495 anm.
1430 4447 1479 4494 2.

214 4555 458 4602 Ronshlln
2012 4527 2047 4587 4
