2950 5042
1562 396 1693 464 350

444 587 781 654 rationem.
872 587 1042 652 Nam
1098 586 1242 672 quis
1288 593 1391 654 est
1436 589 1549 672 qui
1609 608 1738 654 non
1787 587 2108 672 exprimat
2155 608 2236 654 ex
2281 583 2644 653 habitudine
2691 592 2750 650 et

443 692 867 778 dispositione
909 692 1333 760 intentionem
1376 713 1669 778 personae
1714 693 2076 774 scribentis,
2123 712 2416 777 personae
2469 689 2550 756 ad
2579 711 2753 775 quam

446 798 789 879 scribitur,
848 799 1071 884 reique
1132 795 1526 880 scribendae;
1575 807 1712 865 tum
1769 798 2154 884 principium
2215 797 2576 876 literarum,
2631 802 2754 862 tum

445 906 641 971 etiam
674 905 1139 989 expositionem
1173 905 1309 972 sive
1344 905 1784 972 narrationem
1816 905 2156 990 praesentis
2187 903 2494 970 materiae.
2542 903 2753 970 Postea

445 1032 597 1077 vero
654 1032 847 1096 quam
906 1011 1229 1078 festiviter
1280 1013 1299 1052 ¹
1345 1010 1864 1078 inclinaverimus
1913 1016 1980 1076 et
2023 1009 2238 1077 lucide
2283 1009 2758 1087 narraverimns,

445 1136 607 1202 opus
672 1122 774 1182 est
850 1122 924 1182 ut
980 1115 1143 1182 fides
1202 1117 1297 1182 rei
1364 1116 1497 1182 fiat.
1607 1117 1766 1182 Eam
1845 1139 2144 1201 possums
2217 1115 2390 1196 loco,
2465 1122 2758 1200 tempore,

444 1221 662 1302 modo,
718 1242 1001 1306 persona
1048 1222 1072 1260 ²
1118 1222 1399 1302 ratione,
1446 1221 1726 1308 denique
1771 1223 1914 1307 ipsa
1961 1244 2030 1290 re
2077 1229 2276 1308 atque
2321 1221 2582 1307 negotio
2626 1239 2759 1286 con-

444 1327 649 1412 sequi.
749 1326 950 1394 Simul
1016 1329 1351 1412 ingeniosa
1420 1334 1788 1396 commenta
1849 1328 1876 1369 ⁸
1945 1336 2015 1396 et
2079 1329 2416 1396 evidentes
2479 1324 2766 1413 ,proposi-

444 1433 657 1500 tiones
718 1455 799 1499 ex
858 1433 958 1500 his
1019 1455 1163 1519 quae
1220 1457 1361 1501 rem
1430 1434 1810 1520 proecedunt
1882 1456 2022 1520 qua}
2079 1435 2302 1502 insunt
2355 1434 2452 1500 rei
2514 1451 2762 1518 quaeque

445 1547 929 1625 consequuntur
972 1540 1435 1626 investigando.
1531 1541 1636 1606 Sic
1683 1541 1824 1626 ejus
1869 1541 2300 1608 inventionem
2356 1539 2669 1626 principio
2709 1537 2762 1602 in

444 1651 667 1730 partes
712 1645 1001 1731 epistolae
1048 1646 1423 1730 disponere:
1474 1646 1832 1727 exordium,
1880 1647 2322 1714 narrationem
2365 1652 2436 1712 et
2479 1644 2668 1712 fidem
2707 1649 2763 1708 et

444 1750 833 1836 subjungere
878 1751 1091 1817 denuo
1138 1751 1590 1818 brevissimum
1638 1753 1962 1838 epilogum
2001 1754 2041 1819 i.
2075 1776 2128 1819 e.
2173 1753 2572 1820 succinctam
2617 1771 2763 1816 com·

445 1856 825 1942 plexionem.
911 1857 1066 1938 Quae
1111 1863 1187 1923 ut
1233 1857 1463 1923 melius
1511 1859 1896 1942 agnoscatis,
1940 1859 2178 1925 addam
2229 1859 2369 1944 ejus
2418 1858 2585 1925 artis
2629 1876 2761 1942 quo-

445 1983 571 2048 que
616 1961 861 2029 idolum
906 1963 947 2028 i.
996 1985 1049 2028 e.
1097 1963 1299 2029 latine
1346 1955 1677 2049 spectrum
1723 1972 1792 2030 et
1837 1964 2186 2050 exemplar.

800 2125 955 2178 Salvo
991 2132 1043 2178 et
1076 2125 1263 2178 deinde
1299 2127 1417 2179 vale
1451 2144 1549 2180 nec
1585 2145 1692 2180 non
1729 2127 1944 2196 ignosce
1980 2127 2248 2192 scribenti,

868 2214 985 2265 Mos
1022 2214 1242 2266 rudibus
1279 2212 1431 2268 rudia
1466 2223 1546 2269 est
1583 2217 1810 2268 scribere
1841 2217 2054 2283 scripta,
2091 2217 2224 2268 vale.

624 2359 881 2428 Darauf
922 2359 1084 2446 folgt
1130 2360 1237 2428 die
1284 2359 1471 2427 tafel:
1531 2361 1618 2428 A:
1667 2383 1948 2447 persona
1995 2363 2303 2444 scribenS,
2349 2363 2435 2430 B:
2485 2362 2589 2429 cui
2633 2360 2766 2428 scri-

443 2465 636 2549 bitur,
684 2467 763 2533 C:
810 2488 915 2533 res
962 2466 1124 2552 ipsa,
1170 2466 1291 2533 mit
1336 2465 1572 2534 kurzer
1619 2468 2023 2555 darsteliung
2070 2469 2332 2550 dessen,
2378 2490 2518 2536 was
2562 2468 2628 2533 in
2670 2465 2768 2530 der

442 2572 794 2658 einleitung
852 2571 1329 2638 ausffihrlicher
1388 2577 1614 2658 gesagt
1674 2574 1777 2640 ist.
1871 2576 2058 2640 Dann
2121 2573 2280 2639 wird
2349 2573 2454 2642 als
2516 2568 2767 2657 beispiel

441 2679 708 2745 benutzt
747 2676 819 2757 Q.
865 2677 1165 2744 Aurelius
1198 2677 1552 2764 Symachus
1597 2679 1810 2746 Menio
1858 2701 1906 2747 s.
1949 2679 2076 2747 auf.
2137 2680 2416 2745 Tantum
2470 2677 2594 2746 tibi
2640 2698 2766 2760 sup-

441 2783 609 2870 petit
664 2784 778 2866 (10
840 2783 1072 2868 zeilen)
1138 2785 1271 2850 und
1333 2786 1536 2851 daran
1597 2785 1876 2871 gezeigt:
1937 2785 2305 2870 negocium3
2372 2783 2768 2870 Kephaleon3

441 2887 758 2955 habitudo
805 2909 1257 2974 personarum3
1306 2891 1608 2974 intentio,
1666 2891 2032 2972 exordium,
2087 2891 2413 2971 narratio,
2461 2890 2627 2956 fides
2668 2887 2767 2953 rei.

619 2995 779 3062 Zum
824 2995 1076 3064 schluss
1123 2996 1329 3064 heisst
1374 3019 1475 3066 es:

620 3101 928 3168 Ordinem
968 3109 1223 3168 rectum
1265 3104 1613 3190 sequimur,
1661 3103 1717 3170 si
1764 3103 1982 3170 omnia
2030 3125 2111 3168 ex
2157 3103 2572 3168 institutione
2623 3098 2768 3166 artis

442 3207 873 3295 disponemua
966 3209 1085 3275 Est
1145 3215 1365 3276 autem
1426 3211 1558 3276 alia
1621 3210 1956 3296 dispositio
2016 3231 2160 3294 quae
2215 3230 2361 3282 cum
2415 3208 2504 3276 ab
2563 3205 2767 3274 ordine

441 3313 719 3381 officioso
763 3313 1197 3399 secedendum
1242 3322 1343 3381 est
1390 3316 1728 3402 scriptoris
1768 3315 2014 3400 judicio
2058 3314 2144 3380 ad
2186 3321 2445 3400 tempus
2494 3330 2767 3380 accomo-

442 3419 655 3500 datur,
701 3425 791 3501 ut,
846 3421 901 3486 si
946 3419 1031 3486 ab
1078 3423 1453 3490 narratione
1501 3422 1785 3489 scribere
1832 3421 2218 3507 incipiamus
2265 3426 2384 3486 aut
2429 3420 2518 3488 ab
2564 3417 2769 3503 aliqua

439 3511 806 3593 firmissima
848 3529 1413 3648 argumentatione
1446 3535 1565 3594 aut
1595 3528 1932 3595 literarum
1974 3526 2340 3614 aliquarum
2371 3524 2764 3601 recitatione,

438 3637 557 3697 aut
617 3632 673 3698 si
728 3633 1085 3700 secundum
1142 3633 1526 3719 principium
1574 3633 1701 3700 fide
1747 3639 2035 3715 utamur,
2095 3632 2328 3700 deinde
2385 3631 2765 3707 narratione,

439 3744 555 3802 aut
596 3738 651 3804 si
688 3757 884 3823 quam
924 3737 1242 3824 ejusmodi
1281 3740 1828 3824 permutationem
1872 3739 2117 3806 ordinis
2147 3739 2478 3824 faciamus*
2504 3751 2766 3823 quorum

439 3842 599 3909 nihil
658 3844 781 3912 nisi
842 3866 1039 3912 causa
1095 3847 1384 3931 postulet
1428 3845 1570 3912 fieri
1620 3844 1965 3931 oportebit.
2057 3847 2131 3910 In
2179 3843 2664 3911 confirmatione
2707 3845 2765 3904 et

439 3949 879 4019 confutatione
923 3953 1552 4037 argumentationem
1596 3951 2018 4036 dispositione
2067 3948 2435 4036 hujusmodi
2482 3943 2766 4020 convenit

436 4054 682 4123 habere
749 4056 1150 4125 firmissimas
1220 4059 1817 4143 argumentationes
1882 4058 1949 4124 in
2011 4057 2239 4142 primis
2299 4061 2367 4122 et
2427 4050 2762 4140 postremis

438 4181 653 4230 causes
706 4163 1007 4250 partibus
1064 4165 1413 4246 collocare,
1470 4163 1831 4231 medicores
1889 4169 1958 4230 et
1999 4183 2210 4248 neque
2257 4159 2520 4228 inutiles
2565 4175 2760 4242 neque

1593 4325 1628 4365 ὴ

438 4511 495 4567 ὼ
525 4512 561 4566 h
582 4433 607 4478 1
635 4430 1081 4499 Dariibergeschr.
1128 4430 1373 4484 hoefflich.
1521 4435 1550 4484 2
1589 4433 1690 4485 Am
1723 4429 1854 4485 rand
1902 4430 2108 4484 sotlioh.
2254 4433 2284 4483 3
2329 4422 2755 4496 nurnbergoeohr·

495 4529 525 4568 ο
560 4519 710 4588 tung.
