2950 5042
1289 430 1416 497 195

219 613 420 680 immo“
462 618 506 681 ¹:
554 618 727 701 quod
755 624 984 687 nostra
1014 618 1358 687 translatio
1403 620 1625 707 inepte
1656 620 1815 709 legit
1858 622 1984 691 ita:
2040 624 2212 707 „Nec
2243 633 2344 694 est
2372 650 2510 710 rex,

219 720 312 803 qui
369 722 627 790 resistat
685 725 808 806 ei“,
879 731 1057 793 certe
1121 725 1573 812 antiquissimo
1637 727 2018 798 charactere
2080 736 2377 800 notatum
2442 734 2511 800 in

217 824 372 891 hane·
397 829 809 897 sententiam:
869 830 1317 916 Regnabitque
1349 832 1423 899 A.
1455 832 1527 899 L.
1554 832 1623 901 C.
1651 834 1733 901 V.
1766 834 1833 901 M
1878 856 2083 922 prope
2145 858 2291 903 eum
2337 838 2511 924 quod

214 935 344 995 tunc
379 932 797 1001 Hebraeorum
843 935 1106 1023 quidem
1149 937 1566 1023 interpretati
1597 945 1775 1008 sunt:
1820 941 2147 1027 Regnabit
2176 942 2512 1027 Albertus,

211 1034 555 1121 Ludovicus‚
602 1040 959 1124 Comedus,
991 1042 1401 1126 Vredericus,
1433 1044 1707 1113 Messias
1737 1066 1941 1132 prope
1972 1068 2139 1130 eum,
2185 1055 2513 1134 putantes,

210 1162 370 1206 suum
427 1144 729 1211 Messiam
799 1152 1142 1215 venturum
1209 1155 1362 1233 post
1427 1149 1829 1219 Fridericum
1898 1153 2165 1220 tertium
2237 1161 2504 1240 propter

207 1246 432 1313 literam
491 1250 574 1315 M.
666 1251 812 1318 Non
881 1254 1050 1319 enim
1109 1255 1483 1339 cogitabant
1501 1306 1518 1338 ,
1591 1256 1807 1341 ipsum
1869 1255 2067 1326 fuisse
2128 1258 2509 1326 habiturum

207 1350 520 1437 haeredem,
587 1357 698 1443 qui
758 1358 1274 1427 Maxaemilianus
1343 1360 1690 1429 diceretur.
1794 1362 1923 1429 Sed
1988 1369 2256 1430 eventus
2326 1363 2513 1431 dissi-

206 1458 356 1539 pavit
398 1461 667 1527 consilia
712 1484 954 1530 eorum.
1048 1465 1184 1550 Ego
1229 1466 1429 1551 igitur
1488 1466 1976 1552 interpretabor
1996 1518 2013 1550 ,
2069 1475 2221 1553 post
2265 1470 2508 1537 Vrede-

205 1562 380 1629 ricum
435 1569 705 1634 tertium
757 1590 1029 1653 regnare
1076 1570 1622 1639 Maxaemilianum
1668 1578 1735 1639 et
1778 1593 1982 1658 prope
2028 1595 2257 1640 rursus
2304 1575 2502 1642 alium

205 1669 610 1739 Vredericum.
701 1674 870 1740 Nam
928 1674 1121 1743 litera
1170 1676 1310 1743 Vau
1355 1678 1741 1763 intelligitur
1784 1678 1850 1744 in
1896 1678 2017 1745 hoc
2066 1678 2346 1747 Oraculo
2396 1682 2506 1746 Di-

205 1794 419 1857 gamma
477 1780 839 1862 Aeolicum,
906 1783 1268 1867 praesertim
1338 1805 1485 1849 cum
1548 1783 1939 1851 Notariacon
2002 1784 2251 1869 agitur,
2331 1785 2507 1870 quod

210 1884 337 1949 artis
379 1883 794 1952 Cabalisticae
850 1908 1052 1971 genus
1097 1888 1450 1955 secundum
1498 1909 1641 1955 esse
1686 1888 2083 1975 perhibetur.
2177 1889 2304 1956 Sed
2350 1889 2505 1971 haec,

206 1986 246 2051 si
283 1989 446 2057 Deus
507 1991 1058 2076 tranquillitatem
1127 1992 1344 2061 studio
1410 2000 1633 2061 nostro
1698 1995 2108 2076 concesserit,
2176 1997 2502 2079 posterius

199 2113 294 2174 per
333 2095 533 2163 libros
583 2097 1016 2165 tractabimus
1051 2100 1093 2165 ².
1183 2098 1695 2166 Accelerandum
1731 2100 1870 2187 jam
1917 2100 2075 2167 mihi
2136 2106 2236 2167 est
2280 2098 2367 2167 ad
2412 2122 2514 2167 so·

201 2197 353 2265 dales
395 2208 679 2284 nostros,
711 2202 1051 2269 Urbanum
1099 2209 1167 2270 et
1206 2205 1727 2290 Aperbacchium
1760 2206 1803 2287 ⁸,
1850 2211 1927 2273 ut
1972 2226 2195 2273 eorum
2236 2204 2510 2272 cuilibet

195 2306 278 2370 vel
319 2329 510 2374 unum
565 2329 820 2375 versum
868 2309 1177 2393 Epistolae
1222 2310 1382 2377 dare
1439 2332 1676 2397 queam
1721 2310 1787 2377 in
1843 2315 2031 2378 tanta
2087 2308 2508 2379 festinatione

198 2415 251 2476 et
288 2412 560 2480 aliorum
617 2416 1019 2499 negotiorum
1079 2416 1595 2498 circumstantia,
1641 2438 1722 2483 ne
1770 2438 1839 2485 se
1884 2416 2215 2502 neglectos
2259 2421 2510 2501 putent.

195 2516 337 2584 Nam
381 2518 544 2586 haec'
583 2518 670 2585 ad
715 2520 1044 2588 lucernam
1092 2522 1322 2607 scripsi
1367 2522 1455 2614 μοὶ
1520 2512 1637 2589 δία.
1729 2521 1893 2589 Vale
1940 2519 2218 2589 feliciter
2262 2522 2515 2588 amicis-

195 2622 330 2690 sime
379 2622 693 2707 Mutiane‚
742 2632 810 2691 et
853 2648 1082 2710 pacem
1126 2627 1284 2693 mihi
1327 2633 1610 2714 procura
1656 2648 1799 2694 cum
1850 2627 2135 2693 omnium
2196 2625 2514 2693 studioso·

193 2749 314 2795 rum
357 2731 602 2799 favore.
692 2732 792 2797 Ex
839 2731 1216 2817 Stutgardia
1267 2738 1341 2799 11
1396 2733 1532 2800 Cal.
1581 2731 1943 2817 Septembr.
1993 2731 2179 2799 Anno
2232 2736 2420 2797 1513.

1018 2838 1058 2905 J
1062 2861 1118 2906 o.
1165 2838 1500 2919 Reuchlin,
1545 2836 1949 2918 Phorcensis‚
1996 2834 2122 2901 LL.
2171 2833 2417 2905 doctor.

347 2947 673 3009 Gedruckt:
698 2968 782 3001 =
807 2952 836 3008 1
865 2949 1435 3025 Hekeliimanipulus
1465 2949 1682 3024 primus
1703 2947 2081 3022 epistolarum
2099 2945 2498 3021 singularium.

193 3049 432 3113 Dresdae
481 3057 676 3114 1698.
719 3071 847 3115 nro.
899 3058 936 3114 4
983 3071 1030 3114 s.
1078 3059 1158 3116 10
1206 3055 1293 3117 bis
1349 3058 1463 3128 16;
1545 3059 1581 3114 2
1616 3072 1700 3111 =
1731 3052 2014 3114 Tentzelii
2056 3051 2511 3127 supplementum

192 3156 424 3220 historiae
455 3160 746 3221 Gothanae
779 3154 842 3219 Ib
873 3176 920 3219 s.
960 3165 1038 3221 17
1072 3161 1162 3221 bis
1195 3164 1296 3222 22.

1204 3344 1484 3413 CLXIX.
2512 3413 2516 3417 ,

315 3435 592 3502 stuttgart.
2003 3434 2067 3484 22
2108 3430 2246 3500 Aug.
2291 3431 2441 3481 1513.

572 3524 626 3601 J
629 3549 903 3599 oannes
941 3522 1286 3625 Capnion
1322 3550 1420 3599 an
1455 3520 1817 3600 Heinrich
1850 3520 2117 3598 Urban

192 3667 378 3737 dankt
433 3672 540 3737 fiir
595 3672 772 3739 seine
834 3670 1449 3741 freundschaftliche
1520 3668 1914 3737 theilnahme
1944 3669 2002 3751 ⁴,
2061 3667 2317 3736 schickt
2350 3628 2506 3733 ihm

326 3853 348 3899 1
393 3849 632 3917 Spriiche
669 3865 786 3916 cap.
813 3852 897 3914 30,
938 3866 987 3902 v.
1015 3853 1098 3901 81.
1178 3850 1280 3900 Die
1305 3782 1655 3915 ⁸:3efuhrten
1696 3854 1873 3913 ποι-ιο,
1912 3845 2187 3899 πὸηῙίοὴε
2227 3847 2311 3897 ein
2338 3846 2517 3911 ,konig

194 3935 584 3989 nichtauftreten
631 3953 800 4004 gegen
847 3938 965 4001 ihu,
1014 3930 1271 3990 bodemen
1328 3937 1458 3989 woh
1507 3938 1590 3987 ein
1641 3936 1831 4001 konig,
1880 3934 1996 3985 dem
2049 3934 2295 3985 niemand
2332 3934 2517 3984 wider-

195 4024 361 4075 stehen
387 4027 547 4078 kann.
620 4027 738 4079 Von
768 4025 858 4077 der
884 4025 1340 4077 kabbalistischen
1365 4025 1609 4092 spielerei
1638 4024 1921 4075 Reuchlins
1959 4024 2029 4074 ist
2052 4022 2316 4074 natiitlich
2344 4021 2517 4073 nichts

197 4126 253 4161 zu
286 4112 478 4167 hulten.
541 4115 634 4167 Ich
675 4115 914 4165 erinnere
953 4114 1110 4179 mich,
1149 4115 1272 4166 dass
1306 4113 1573 4180 irgendwo
1616 4112 1760 4163 diese
1798 4111 1953 4163 stelle
1978 4108 2265 4161 Reucblins
2302 4110 2518 4161 beniitzt
2550 4172 2555 4175 Ι

195 4199 386 4251 worden
436 4204 504 4253 ist
547 4218 634 4253 um
685 4203 776 4253 ihn
817 4220 932 4254 zum
970 4204 1257 4270 propheten
1309 4202 1400 4253 der
1440 4201 1778 4252 reformation
1828 4214 1895 4250 zu
1936 4198 2211 4266 stcmpeln.
2281 4198 2383 4249 Ein
2421 4214 2512 4265 ge·

198 4299 350 4339 naues
384 4291 692 4343 betrachten
733 4291 824 4342 dei·
859 4289 1014 4343 stelle
1063 4292 1203 4358 zeigt
1241 4289 1444 4341 freilich
1482 4290 1676 4353 leicht,
1729 4288 1829 4339 wie
1874 4284 2247 4355 ungegriindet
2296 4286 2389 4339 das
2416 4288 2516 4339 'ist-

198 4376 224 4422 2
259 4376 330 4427 Ist
365 4376 703 4431 bekanntlich
753 4383 930 4447 sputer
978 4378 1142 4431 durch
1192 4379 1285 4430 das
1335 4378 1529 4430 Werke
1581 4376 1645 4429 de
1696 4383 1806 4428 arte
1853 4375 2209 4428 cabbalistica
2246 4375 2369 4429 libri
2408 4384 2515 4427 tres

207 4464 324 4514 1517
360 4468 674 4534 geschehen.
821 4470 852 4517 3
899 4468 1005 4518 Der
1040 4467 1182 4520 brief
1215 4482 1283 4517 an
1319 4466 1599 4534 Aperbach
1636 4466 1707 4518 ist
1744 4463 1893 4515 nicht
1931 4462 2190 4528 erhalten‚
2232 4478 2298 4515 an
2336 4463 2517 4516 Urban

202 4564 239 4603 ι.
274 4553 344 4622 fg.
373 4572 486 4609 nro.
631 4563 664 4610 4
704 4554 858 4608 Oben
895 4571 1007 4608 nro.
1052 4555 1317 4608 CLXVII.
1964 4625 2033 4689 13
2068 4621 2101 4654 *
