2950 5042
1606 390 1692 455 96

485 584 669 645 vecta
700 576 947 646 discere
980 580 1264 664 coeperit,
1296 584 1536 663 praeter
1575 579 1887 665 insignem
1917 581 2300 665 magistrum
2338 582 2516 649 illum
2543 581 2782 649 Paulum

487 686 856 769 episcopum
922 688 1314 770 Burgensem
1344 687 1384 749 ¹.
1479 685 1852 752 Judaeorum
1917 686 2070 753 olim
2135 687 2577 755 doctissimum
2629 690 2782 773 cujus

483 792 571 857 ad
629 814 744 857 nos
797 814 945 857 sera
1004 792 1336 857 conversio
1395 791 1691 875 plurimis
1753 792 1878 857 fuit
1923 792 2289 860 hominibus
2339 793 2529 859 saluti
2579 799 2642 859 et
2696 793 2783 857 cui

482 918 585 963 me
615 896 1007 981 posthabitis
1038 897 1305 980 reliquis
1334 896 1607 962 herbam
1640 898 1796 963 dare
1828 898 1988 963 nihil
2019 900 2239 982 pudet.

662 1003 1196 1087 Expergiscimini
1230 1003 1445 1085 igitur,
1508 1002 1976 1084 adulescentes,
2023 1010 2088 1069 et
2121 1011 2212 1083 tu,
2253 990 2552 1087 germane
2591 1004 2785 1083 frater,

484 1114 714 1173 excute
768 1108 849 1173 ab
894 1109 1107 1173 animo
1156 1107 1639 1188 hebetudinem,
1709 1115 2038 1175 tantorum
2095 1109 2377 1175 virorum
2435 1110 2781 1175 imitatione.

482 1214 649 1279 Nam
698 1215 919 1279 sitam
954 1213 1343 1279 excellentes
1388 1214 1678 1281 homines
1726 1236 1972 1280 annosa
2019 1214 2084 1279 in
2131 1220 2324 1281 aetate
2379 1216 2782 1298 intelligentes

484 1341 749 1385 summae
813 1340 891 1384 ac
949 1319 1427 1403 jocundissimae
1511 1320 2082 1403 contemplationis
2157 1320 2621 1387 nobilissimam
2683 1319 2785 1384 sibi

484 1427 885 1493 occasionem
949 1424 1262 1504 defuisse,
1323 1430 1577 1491 tantum
1634 1432 1702 1491 et
1746 1432 1881 1491 tam
1929 1426 2273 1491 vehemens
2321 1427 2606 1491 studium
2664 1445 2783 1489 sero

483 1532 747 1599 tandem
794 1530 1119 1595 hebraicis
1166 1530 1651 1613 impenderunt,
1701 1538 2020 1615 quatenus
2066 1531 2254 1597 labor
2301 1553 2525 1598 eorum
2571 1532 2634 1595 in
2689 1551 2785 1595 nos

482 1659 687 1721 usque
719 1636 1138 1715 redundaret,
1170 1672 1258 1681 ——-
1289 1657 1406 1701 cur
1436 1658 1562 1701 non
1611 1642 1682 1703 tu
1728 1638 1868 1721 ipse
1914 1659 1990 1703 ac
2036 1660 2155 1721 per
2200 1646 2266 1703 te
2316 1638 2520 1703 ceteri
2566 1635 2783 1719 magnis

481 1742 752 1827 ingeniis
813 1741 1070 1824 praediti
1128 1741 1580 1807 adulescentes
1645 1744 1927 1826 speratis
1973 1743 2058 1807 ad
2103 1742 2300 1809 talem
2347 1744 2784 1827 perfectionem

483 1872 565 1916 ex
616 1848 943 1913 indefessa
1004 1845 1258 1929 legendi
1312 1846 1694 1931 fatigatione
1755 1856 1822 1914 et
1881 1849 2256 1933 quotidiano
2321 1850 2626 1915 exercitio
2671 1847 2784 1912 sine

482 1956 615 2022 ullo
673 1955 936 2019 doctore
983 1952 1394 2019 nihilominus
1441 1975 1632 2037 posse
1678 1954 2016 2038 pervenire
2055 1957 2094 2020 ¹.
2157 1957 2254 2021 De
2298 1954 2784 2039 praeceptoribus

482 2065 702 2127 autem
761 2058 921 2123 meis
969 2054 1076 2141 (ne
1124 2057 1281 2122 mihi
1328 2059 1731 2125 oblatrantes
1778 2059 2084 2147 insulent)
2130 2061 2296 2126 hanc
2340 2061 2660 2126 rationem
2712 2056 2786 2122 af·

480 2166 655 2231 fero:
702 2185 830 2229 non
872 2184 973 2227 me
1006 2162 1290 2246 piguisse
1338 2164 1469 2230 ullo
1503 2172 1795 2249 tempore
1825 2165 1946 2231 abs
1980 2166 2270 2249 quolibet
2300 2166 2531 2232 Judaeo
2564 2183 2790 2247 semper

481 2270 889 2355 aliquantula
954 2270 1332 2350 corradere,
1391 2292 1534 2354 quae
1600 2271 1686 2335 ad
1745 2271 2104 2337 doctrinam
2166 2273 2456 2355 aliquam
2503 2271 2790 2336 librorum

478 2375 933 2442 hebraicorum
996 2370 1458 2441 conducerent.'
1545 2377 1724 2442 Sicut
1772 2378 1940 2441 enim
1989 2399 2116 2441 non
2151 2377 2326 2461 apud
2359 2378 2565 2443 Jonas
2611 2392 2790 2458 neque

481 2483 617 2549 ulla
660 2481 727 2547 in
776 2480 1039 2559 Graecia,
1088 2482 1203 2547 sed
1252 2483 1522 2547 Basileae
1567 2484 1846 2566 primum
1877 2484 1962 2548 ab
2003 2483 2366 2548 Andronico
2399 2481 2792 2556 Contoblaca,

480 2586 715 2653 deinde
745 2586 1013 2651 Parisiis
1060 2608 1101 2651 a
1145 2587 1421 2671 Georgio
1463 2589 1897 2673 Hermonymo
1947 2583 2278 2672 Spartiate
2314 2590 2357 2667 ²,
2402 2595 2560 2672 post
2602 2588 2792 2652 Romae

479 2693 565 2759 ab
611 2692 1011 2777 Argyropylo
1059 2693 1371 2776 Byzantio
1425 2693 1686 2777 publice
1745 2694 1812 2759 in
1873 2695 2189 2759 Vaticano
2236 2694 2682 2779 Thucydidem
2723 2691 2795 2754 le·
2901 2748 2903 2775 Ξ

476 2805 666 2883 gente
713 2800 917 2882 Xysto
964 2798 1071 2863 IV.
1118 2800 1323 2879 Pont.,
1380 2798 1467 2863 ad
1526 2805 1886 2865 extremum
1933 2800 2276 2866 Florentiae
2323 2796 2787 2881 Mediolanique

477 2926 521 2971 a
582 2906 913 2971 Demetrio
960 2903 1411 2987 Chalcondyle
1484 2904 1859 2971 Graecorum
1926 2905 2212 2989 linguam
2274 2905 2683 2972 frustillatim
2741 2905 2795 2966 et

479 3010 667 3095 quasi
729 3010 931 3075 micas
1002 3008 1083 3074 de
1143 3031 1370 3075 mensa
1430 3009 1672 3077 domini
1747 3011 2057 3079 cadentes
2133 3010 2387 3095 accepi,
2471 3028 2795 3077 connume-

479 3137 696 3183 rarem
725 3115 855 3181 illis
888 3115 1306 3181 Hermolaum
1338 3117 1706 3184 Barbarum
1737 3118 2110 3184 Innocentio
2136 3116 2181 3198 ³,
2225 3117 2545 3201 insignem
2593 3122 2660 3183 et
2688 3111 2796 3179 mei
2899 3158 2901 3228 ἦ

1631 3261 1667 3301 aa

619 3356 642 3403 1
684 3350 942 3406 Reuchlin
979 3367 1021 3404 s.
1066 3358 1163 3405 120
1202 3353 1274 3420 fg.
1418 3359 1447 3403 2
1491 3350 1611 3420 Vgl.
1659 3355 1794 3407 oben
1832 3371 1942 3409 nro.
1981 3360 2006 3409 Ι
2043 3354 2116 3423 fg.
2264 3358 2295 3406 3
2344 3352 2446 3405 Die
2499 3348 2793 3422 geschichte

478 3438 571 3493 der
610 3438 930 3508 begegnung
963 3442 1052 3492 R.s
1086 3442 1183 3491 mit
1206 3442 1578 3509 Argyropylus
1611 3445 1814 3495 erztthlt
1843 3445 2224 3497 Melanchthon
2262 3444 2429 3495 schon
2470 3446 2608 3493 1533
2637 3441 2796 3508 (Corp.

475 3528 589 3581 Res.
629 3530 717 3594 XI,
756 3530 856 3581 col.
899 3532 1042 3597 237),
1093 3529 1233 3579 daun
1276 3532 1406 3580 1552
1458 3531 1514 3579 in
1563 3530 1654 3583 der
1703 3533 1826 3584 rede
1865 3533 1994 3583 iiber
2028 3532 2318 3595 Reuchlin,
2362 3532 2440 3582 sie
2488 3532 2657 3581 findet
2698 3526 2795 3578 sich

473 3617 559 3670 bei
585 3619 816 3669 Manlius
846 3620 1100 3669 Locorum
1144 3617 1510 3669 Communium
1549 3619 1874 3672 collectanea
1910 3621 2017 3671 und
2055 3623 2126 3671 ist
2162 3637 2265 3671 von
2305 3620 2444 3671 allen
2481 3616 2796 3686 biographen

475 3706 761 3758 Reuchlins
812 3706 1134 3757 wiederholt.
1209 3708 1296 3757 Sie
1346 3708 1475 3756 wird
1524 3707 1860 3773 gewohnlich
1909 3708 2194 3761 falschlich
2242 3708 2326 3759 ins
2364 3708 2490 3771 jahr
2545 3710 2676 3758 1498
2719 3718 2795 3770 ge·

476 3803 637 3858 ποετις
689 3795 811 3845 dass
856 3796 934 3845 sie
977 3796 1060 3845 ins
1098 3796 1221 3859 jahr
1265 3798 1394 3846 1482
1433 3797 1645 3862 gehort,
1695 3798 1823 3864 geht
1859 3814 1954 3848 aus
1993 3810 2207 3849 unserer
2244 3796 2399 3849 stelle
2435 3796 2654 3860 her-vor,
2698 3788 2797 3857 vgl.

474 3886 645 3936 11101110
682 3884 804 3935 Mel.
846 3885 1011 3935 oratio
1052 3900 1094 3935 s.
1134 3887 1197 3934 61
1240 3885 1275 3937 f.
1350 3886 1428 3935 Zu
1468 3884 1584 3935 dem
1625 3886 1740 3938 dort
1775 3886 2082 3954 gegebenen
2120 3887 2191 3936 ist
2226 3884 2643 3951 hinzuzufiigen,
2687 3881 2796 3931 dass

476 3973 568 4026 der
608 3972 1011 4040 gewohnlichen
1048 3971 1308 4023 annahme
1345 3972 1480 4025 nach
1521 3976 1646 4039 Arg.
1687 3975 1852 4027 schon
1897 3979 2030 4027 1486
2068 3975 2347 4041 gestor-'ben
2389 3974 2504 4026 sein
2542 3972 2668 4024 soll.
2734 3968 2797 4018 Et

474 4078 584 4113 war
621 4063 674 4111 in
714 4060 1148 4128 Constantinopel
1188 4060 1445 4127 geboren,
1485 4062 1610 4113 kam
1649 4062 1766 4113 friih
1804 4064 1885 4113 als
1924 4063 2096 4113 lehrer
2134 4063 2226 4113 des
2263 4062 2638 4129 griechischen
2671 4056 2795 4108 nach

474 4149 681 4213 Italica,
719 4148 885 4199 lehrte
926 4165 1025 4200 von
1059 4152 1194 4199 1434
1232 4150 1285 4199 in
1313 4146 1514 4218 Padua,
1555 4167 1656 4201 von
1700 4154 1832 4202 1456
1872 4152 1928 4201 in
1956 4151 2190 4216 Florenz,
2227 4151 2404 4201 wohin
2439 4151 2534 4201 ihn
2583 4149 2795 4199 Cosmus

473 4253 577 4288 von
616 4236 811 4287 Medici
856 4237 935 4287 als
980 4238 1243 4303 professor
1282 4237 1372 4287 der
1417 4239 1859 4304 peripatetischen
1905 4238 2240 4309 philosophie
2280 4239 2472 4302 berief‚
2523 4253 2629 4287 von
2674 4236 2791 4285 1471

473 4325 544 4376 im
578 4326 633 4375 in
672 4327 821 4376 Rom.
892 4325 965 4375 Er
1000 4324 1093 4375 hat
1130 4325 1244 4377 sich
1280 4326 1604 4377 namentlich
1659 4328 1824 4378 durch
1861 4328 2163 4393 ausgahen,
2213 4327 2450 4378 scholien
2493 4324 2606 4375 und
2655 4322 2795 4373 iiber·

474 4418 763 4479 netzungen
813 4413 903 4463 der
950 4414 1371 4464 aristotelischen
1407 4414 1662 4465 schriften
1699 4416 1938 4467 verdient
1981 4416 2242 4483 gemacht.
2320 4416 2448 4483 Vgl.·
2482 4412 2692 4465 Hodius
2738 4409 2794 4460 de

476 4500 692 4555 Graecis
728 4501 1023 4556 illustribus
1059 4518 1103 4555 s.
1144 4503 1239 4553 187
1279 4501 1363 4553 bis
1402 4506 1523 4558 210.
2598 4519 2600 4521 ’
