2950 5042
1553 413 1593 478 8

409 600 560 666 dam
611 608 678 668 et
723 604 900 670 velut
944 597 1370 689 appendicem
1410 603 1771 670 'clariorum
1822 603 1843 640 ¹
1891 602 2249 668 studiorum
2298 603 2581 672 minores
2628 603 2749 671 has

409 713 586 772 artes
635 714 700 773 et
748 731 888 776 esse
925 691 1131 775 ιγιιΙῐίες
1189 715 1258 776 et
1317 711 1642 775 aestimari.
1740 709 1825 772 At
1885 730 2029 792 ego,
2091 709 2200 793 qui
2258 710 2412 774 mihi
2460 709 2748 776 sterilem

407 811 573 877 hano
607 811 710 899 (ut
754 815 850 880 ita
898 815 1136 898 dicam)
1169 837 1436 881 arenam
1487 814 1905 880 excolendam
1956 815 2197 898 sumpsi
2232 813 2275 894 ²,
2322 817 2447 882 nisi
2492 815 2745 899 aliquid

413 918 690 1002 amplius
753 942 946 1006 quam
996 921 1222 1006 vulgus
1271 942 1501 1000 coner,
1566 920 1719 1005 quid
1768 920 1893 984 erit
1958 941 2085 1003 quo
2158 941 2198 984 a
2264 921 2559 1003 segniciae
2638 943 2751 986 no-

409 1023 608 1089 mine·
640 1024 778 1090 haec
841 1047 986 1090 mea
1049 1026 1266 1091 studia
1328 1016 1693 1091 defendam.
1801 1026 2033 1109 Itaque
2103 1026 2157 1090 si
2218 1027 2427 1092 minus
2482 1023 2549 1091 in
2621 1048 2753 1092 uno

409 1130 636 1214 quovis
684 1152 904 1196 eorum
952 1138 1265 1215 praestare
1312 1153 1607 1216 possum,
1672 1151 1939 1194 numero
1999 1151 2101 1194 me
2150 1137 2337 1195 tuear
2399 1132 2754 1216 oportebit.

407 1235 493 1299 Et
537 1234 674 1300 haec
721 1257 921 1302 causa
966 1237 1124 1301 mihi
1184 1237 1538 1302 communis
1585 1237 1755 1301 forte
1821 1256 1967 1299 cum
2013 1236 2235 1302 multis
2286 1244 2415 1318 est3
2461 1238 2529 1302 id
2578 1238 2756 1321 quod

408 1339 620 1413 dicam
667 1343 928 1427 proprie
975 1365 1187 1408 meum
1238 1349 1353 1408 est.
1433 1343 1743 1426 Reliquas
1792 1340 2017 1406 literas
2064 1342 2223 1407 alias
2273 1342 2488 1422 didici,
2541 1344 2756 1426 cupivi

407 1448 576 1511 enim
623 1469 741 1532 pro
787 1447 956 1512 virili
1003 1471 1149 1514 mea
1197 1449 1249 1513 si
1283 1470 1414 1532 qua
1461 1467 1719 1531 possem
1742 1446 2059 1511 -literariae
2093 1447 2488 1531 Reipublicae
2520 1449 2756 1531 patriae

409 1558 648 1618 nostrae
699 1554 1038 1638 prodesse,
1101 1555 1272 1639 quod
1320 1554 1444 1618 nisi
1493 1559 1893 1637 spectassem
1942 1558 2086 1616 erat
2130 1551 2287 1616 mihi
2336 1553 2564 1618 eadem
2612 1575 2758 1638 quae

409 1659 704 1724 omnibus
751 1661 856 1724 via
903 1667 968 1724 et
1013 1661 1098 1725 ad
1144 1682 1249 1725 res
1299 1659 1626 1743 parandas
1680 1657 1941 1722 uberior
1990 1664 2055 1722 et
2102 1658 2185 1721 ad
2236 1659 2511 1724 nominis
2567 1659 2761 1723 clari-

408 1769 614 1828 tatem
660 1765 980 1831 illustrior
1023 1773 1089 1832 et
1135 1767 1220 1831 ad
1251 1766 1580 1830 hominum
1621 1763 2245 1828 commendationem
2278 1765 2541 1847 gratior.
2618 1765 2760 1830 Has

409 1852 627 1934 autem
675 1871 831 1939 mihi
881 1873 1146 1950 discam,
1195 1872 1398 1936 statui
1446 1869 1617 1939 ‚enim
1671 1869 2024 1934 senectutis
2072 1869 2389 1952 requiem,
2453 1871 2507 1934 si
2564 1870 2760 1935 modo

412 1995 492 2038 ea
521 1982 742 2041 manet
787 1999 924 2057 me,
992 1979 1057 2042 in
1106 1999 1438 2042 sacrarum
1488 1975 1825 2039 literarum
1893 1974 2357 2058 perquisitione
2420 1975 2761 2055 collocare,

411 2102 606 2165 quum
669 2083 889 2166 itaque
925 2081 950 2121 3
1013 2091 1279 2147 necesse
1337 2082 1616 2146 habeam
1677 2085 1830 2144 tunc
1896 2079 2099 2145 libros
2150 2102 2259 2144 eos
2306 2080 2464 2163 legis
2510 2081 2761 2146 intente

410 2187 1320 2274 pensiculateque„lectitare,
1389 2187 1617 2251 videor
1677 2184 1831 2248 mihi
1892 2185 2117 2249 eadem
2176 2207 2375 2268 opera
2423 2192 2488 2251 et
2532 2186 2762 2252 literas

409 2291 752 2357 hebraicas
801 2293 1108 2359 discendo
1158 2315 1268 2358 eos
1317 2293 1533 2375 legere
1585 2297 1651 2364 et
1700 2290 1993 2374 legendis
2038 2292 2131 2355 eis
2172 2291 2474 2356 hebraice
2508 2292 2763 2358 discere

408 2419 632 2482 posse,
695 2399 1012 2483 simulque
1067 2401 1180 2472 τὴν
1230 2389 1507 2470 ἰδιότητα
1556 2401 1783 2462 ἐκείνου
1829 2407 1937 2460 τοῦ
1995 2395 2178 2488 λόγου
2228 2399 2564 2487 μυστηρίοις
2606 2403 2760 2463 πολ-

409 2508 532 2577 λοῖς
577 2503 879 2596 γέμουσαν
928 2525 1336 2588 pernoscere.
1432 2503 1714 2568 Basilius
1762 2501 1790 2538 4
1838 2521 2094 2586 quoque
2142 2508 2365 2567 noster
2412 2525 2603 2587 quem
2649 2503 2761 2569 de-

410 2609 723 2674 teri-uisse
781 2615 846 2674 te
907 2609 1138 2675 scribis
1201 2610 1440 2674 acriter
1488 2630 1590 2672 me
1638 2608 1963 2686 incitavit,
2027 2614 2287 2673 secutus
2350 2614 2568 2674 tamen
2628 2609 2760 2674 for-

412 2714 586 2779 tasse
650 2715 965 2798 impetum
1028 2737 1241 2780 meum
1305 2722 1371 2780 et
1430 2715 1716 2780 calcaria
1774 2713 1876 2795 (ut
1938 2713 2202 2796 dicitur)
2265 2715 2553 2780 currenti
2608 2715 2761 2780 sub-

411 2821 591 2886 dens·
655 2820 822 2898 Quin
866 2827 940 2887 tu
984 2843 1238 2906 quoque
1288 2821 1399 2906 qui
1446 2820 1775 2886 contraria
1822 2819 2023 2884 sentis
2056 2821 2270 2884 nescio
2304 2840 2387 2884 an
2420 2821 2759 2886 acerrimis

409 2948 514 2992 me
560 2927 810 2992 facibus
855 2928 1232 3007 extimuleS,
1293 2934 1484 3011 turpe
1532 2947 1789 3010 nanque
1851 2925 2048 2989 fuerit
2108 2925 2267 2990 mihi
2320 2925 2421 2989 vel
2469 2925 2641 2991 nolle
2688 2927 2761 2991 id

413 3032 515 3098 vel
570 3054 696 3097 non
756 3053 946 3116 posse
1002 3035 1340 3116 percipere
1399 3033 1467 3096 in
1530 3033 1652 3097 hoo
1713 3031 2075 3096 studiorum
2140 3032 2277 3096 ocio
2338 3031 2383 3111 ⁵,
2444 3032 2620 3116 quod
2686 3039 2761 3098 tu

413 3138 614 3204 tantis
679 3144 920 3222 tanque
971 3139 1240 3204 diversis
1289 3138 1629 3203 districtus
1677 3135 1909 3202 studiis
1958 3137 2207 3202 discere
2254 3137 2546 3221 potuisti.
2634 3139 2762 3204 Ba-

415 3244 596 3309 silius
653 3243 733 3309 de
781 3265 907 3327 quo
957 3243 1186 3309 scribis
1231 3244 1297 3308 in
1347 3244 1566 3327 patria
1616 3248 1748 3321 est,
1809 3241 1933 3306 fuit
1992 3241 2148 3306 mihi
2196 3244 2564 3308 arctissima
2612 3265 2761 3309 cum

417 3371 492 3415 eo
524 3349 953 3414 familiaritas.
1032 3349 1319 3414 Nuncius
1351 3349 1751 3433 interpellat,
1798 3348 1957 3414 vale.
2040 3349 2489 3433 Heidelbergae
2523 3350 2759 3435 quinto

417 3456 572 3521 Idus
617 3455 1034 3521 Novembres.

597 3562 1917 3640 Gedruckt:1=G.v.e.gvb..g6b.
1957 3560 2621 3625 2=J.v.e.i3b..
2664 3563 2760 3625 4b.

420 3675 455 3731 3
527 3693 612 3725 =
673 3671 1075 3730 RODOLPHI
1127 3671 1136 3746 1
1193 3671 1611 3730 AGRICOLAE
1695 3671 1984 3731 PHRISII
2056 3664 2763 3753 LU-lCUBRATIONES

416 3777 757 3851 ALIQUOT
791 3778 1050 3838 LECTU
1097 3771 1537 3852 DI-lgnissimae
1562 3823 1733 3837 .....
1778 3779 1788 3856 Ι
1832 3777 2193 3836 COLONIAE
2234 3778 2244 3855 Ι
2285 3778 2440 3852 apud
2470 3777 2765 3838 «Ioannem

1574 3991 1609 4031 ‘it

560 4103 582 4147 l
627 4097 885 4148 clarorum
927 4102 974 4148 2.
1134 4103 1161 4148 2
1215 4083 1362 4150 iiber
1408 4098 1551 4149 diese
1602 4099 1708 4150 und
1761 4097 1847 4148 die'
1896 4097 2178 4164 folgenden
2228 4098 2417 4148 stellen
2471 4097 2759 4149 Reuchlins

410 4186 703 4237 verhflltnis
742 4203 804 4236 zu
845 4187 1051 4237 Wessel
1087 4203 1139 4239 u.
1179 4203 1220 4237 S.
1262 4205 1322 4238 w.
1361 4188 1467 4254 vgl.
1510 4205 1574 4238 m.
1614 4187 1738 4238 Mel.
1768 4203 1840 4237 or.
1870 4203 1913 4237 s,
1942 4189 2009 4237 50
2047 4187 2183 4237 und:
2224 4187 2316 4236 das
2355 4187 2489 4236 stud.
2530 4187 2581 4236 d.
2610 4187 2759 4238 hebr.

409 4275 630 4341 sprache
669 4275 909 4341 (Breslau
955 4279 1109 4342 1870)
1149 4294 1189 4326 s.
1233 4281 1294 4326 21
1339 4279 1399 4338 f.;
1441 4295 1492 4326 u.
1533 4294 1598 4326 m.
1638 4275 1968 4338 „Reuchlin“
2006 4293 2049 4326 s,
2099 4279 2193 4326 109
2234 4291 2277 4324 a.
2326 4279 2369 4325 1.
2521 4278 2549 4324 3
2593 4278 2667 4326 ita
2710 4280 2757 4326 2.

413 4370 442 4411 4
482 4364 731 4431 Basilius]
777 4364 988 4414 Johann
1031 4365 1255 4415 Wessel.
1326 4351 1471 4415 fiber
1511 4366 1600 4414 ihn
1641 4365 1747 4430 vgl.
1800 4365 2051 4426 Ulmann,
2110 4365 2483 4414 reformatoren
2525 4380 2620 4413 vor
2669 4364 2762 4414 der

409 4453 614 4502 reform.
646 4454 712 4516 11,
741 4458 824 4502 2te
850 4454 968 4504 aufl.
1015 4456 1163 4505 1866.
1201 4471 1240 4503 s.
1284 4455 1384 4504 235
1425 4455 1507 4505 bis
1548 4455 1667 4503 557.
1779 4457 1809 4502 5
1850 4454 1983 4520 ocio]
2018 4454 2139 4522 Agr.
2168 4453 2307 4505 lebte
2349 4455 2401 4502 in
2430 4452 2758 4520 unabhangi-

419 4556 512 4607 ger
549 4536 705 4591 musse
744 4542 828 4592 bei
865 4541 988 4593 Joh.
1028 4560 1076 4592 ν.
1119 4543 1360 4612 Dalburg
1399 4543 1452 4592 in
1495 4542 1835 4611 Heidelberg.
