2950 5042
1547 391 1677 459 184

415 570 748 655 -rerersus
813 558 1022 652 essem
1090 602 1132 650 a
1194 570 1357 649 meis
1377 629 1393 662 ,
1459 580 1779 663 intellexi,
1839 580 2042 647 libros
2104 570 2253 646 illo‘s
2322 579 2407 647 ad
2460 580 2527 643 te
2566 575 2742 642 fuisse

409 724 414 731 ·
445 691 883 772 transmissos,
929 697 1147 757 utrum
1187 708 1340 755 vero
1387 687 1537 754 illos
1582 687 1911 772 receperis
1942 708 2061 753 nec
2106 706 2189 751 ne
2217 684 2394 752 haud
2423 683 2569 749 dum
2600 704 2747 748 com-

452 804 713 883 pertum
758 796 989 863 habeo,
1079 795 1254 860 Bene
1302 794 1528 878 itaque
1574 793 1837 873 feceris,
1884 792 1938 859 si
1984 791 2109 857 hac
2154 791 2237 858 de
2282 810 2354 856 re
2398 810 2500 856 me
2544 790 2749 855 certio-

448 924 587 969 rem
633 902 892 969 reddas.
986 900 1401 984 Scripsissem
1449 898 1786 966 confestim
1832 904 1984 983 post
2028 896 2313 963 reditum
2358 916 2598 975 meum,
2650 893 2750 959 sed

447 1006 557 1073 vix
617 1006 823 1073 limini
883 1005 1114 1092 pedem
1178 1004 1561 1089 intuleram„
1626 1026 1773 1071 cum
1840 1003 2077 1071 iterum
2146 1002 2329 1068 abire
2376 1004 2633 1068 coactus
2672 1000 2752 1065 fui

443 1134 743 1197 nuncque
797 1112 1056 1179 demum
1102 1116 1254 1197 post
1298 1110 1537 1176 multos
1585 1130 1884 1176 reversus
1931 1130 2073 1176 sum
2120 1107 2398 1175 labores.
2476 1106 2601 1173 Sed
2628 1127 2751 1190 quae

451 1218 798 1286 scribenda
865 1224 1068 1307 erant·
1137 1215 1442 1283 brevibus
1512 1215 1753 1300 accipe.
1862 1214 2263 1281 Prohibuere
2318 1212 2471 1279 olim
2516 1211 2750 1296 Ephesii

451 1344 685 1390 nomen
753 1322 1058 1389 scelerati
1127 1320 1302 1388 illius
1369 1320 1648 1387 hominis
1720 1321 1833 1407 qui
1873 1321 2099 1388 Dianae
2160 1319 2476 1405 templum
2522 1338 2752 1384 succen-

449 1428 642 1495 derat
698 1428 1036 1495 literarum
1061 1428 1076 1445 '
1095 1426 1527 1493 monumentis
1600 1426 1838 1507 inseri,
1912 1426 2161 1491 scilicet
2215 1447 2295 1491 ne
2356 1447 2438 1491 ex
2496 1424 2751 1491 facinore

409 1534 560 1601 ·i110
607 1533 862 1601 nefasto
907 1538 1293 1619 perpetuam
1340 1532 1718 1600 memoriam
1766 1538 2155 1617 assequutus
2193 1534 2214 1571 ¹
2260 1552 2403 1598 esse
2434 1530 2751 1597 videretur.

451 1639 549 1706 Tu
612 1660 762 1705 vero
830 1638 1153 1705 hominem
1225 1636 1348 1703 tibi
1415 1637 1927 1705 inimicissimum
1998 1644 2065 1703 et
2134 1638 2243 1723 qui
2311 1636 2508 1703 aliter
2574 1636 2753 1703 doctis

452 1745 778 1830 praecipue
833 1744 1090 1829 ignotus
1136 1741 1370 1809 fuisset
1412 1743 1595 1810 libris
1642 1744 1771 1811 tuis
1802 1743 2115 1810 celebras.
2192 1743 2343 1810 Vidi
2374 1743 2548 1809 enim
2578 1764 2756 1827 nuper

415 1884 418 1889 ·
458 1849 712 1917 libellos
747 1851 772 1889 2
819 1856 966 1915 tuos
1011 1870 1053 1915 a
1097 1854 1164 1915 te
1211 1850 1499 1930 emissos,
1546 1850 1613 1915 in
1645 1851 1879 1936 quibus
1910 1848 2266 1935 semijudaei
2309 1850 2486 1916 illius
2517 1848 2755 1915 mentio-

449 1977 598 2022 nem
663 1954 854 2035 facis,
927 1954 1204 2021 hominis
1269 1956 1456 2041 cujus
1511 1956 1825 2021 memoria
1877 1956 1957 2022 de
2017 1963 2199 2021 terra
2268 1956 2617 2021 viventium
2668 1954 2753 2019 de-

449 2060 647 2126 lenda
701 2065 892 2126 esset.
985 2061 1114 2126 Sed
1162 2061 1293 2127 scio
1341 2061 1717 2147 respondes,
1762 2068 1829 2127 te
1874 2083 2003 2127 non
2050 2061 2353 2127 laudibus
2386 2062 2503 2128 sed
2536 2059 2754 2127 meritis

450 2165 760 2233 conviciis
805 2164 987 2230 illum
1034 2172 1505 2251 prosequutum
1540 2166 1567 2207 ⁸
1612 2188 1752 2233 esse
1800 2174 1869 2235 et
1913 2174 2089 2235 recte
2138 2167 2420 2253 quidem.
2514 2168 2599 2233 At
2649 2188 2754 2232 non

455 2270 683 2336 vides?
745 2270 814 2336 id
868 2271 1042 2355 quod
1102 2277 1298 2337 antea
1356 2272 1681 2353 dixeram,
1734 2273 1916 2339 illum
1963 2273 2086 2339 hoc
2131 2279 2327 2358 pacto
2374 2272 2618 2339 famam
2659 2294 2753 2338 seu

445 2376 651 2460 magis
695 2375 1028 2441 infamiam
1073 2386 1490 2461 assequutum
1521 2379 1552 2419 ⁴·
1582 2398 1726 2445 esse
1774 2384 1841 2444 et
1888 2378 2061 2464 quod
2106 2379 2391 2463 propriis
2424 2378 2749 2446 virtutibus

449 2482 576 2549 sibi
619 2481 1008 2565 denegatum
1064 2480 1336 2563 viderat,
1396 2484 1466 2549 id
1520 2484 1760 2549 inimici
1818 2504 2019 2570 opera
2078 2484 2487 2569 quaesivisse,
2534 2483 2753 2550 scilicet

445 2593 522 2654 ut
567 2587 902 2653 doctorum
952 2586 1200 2653 volaret
1243 2608 1363 2672 per
1406 2606 1526 2654 ora
1570 2589 1875 2655 virorum.
1964 2590 2220 2657 Nollem
2266 2591 2494 2675 itaque
2543 2589 2747 2655 dehinc

445 2692 756 2778 opuscula
801 2698 918 2758 tua
963 2692 1080 2759 tali
1124 2693 1382 2777 piaculo
1426 2693 1730 2775 foedares,
1777 2696 2101 2780 praecipue
2152 2716 2298 2762 cum
2344 2694 2440 2760 nil
2487 2696 2571 2761 ad
2600 2714 2753 2761 mcu-

445 2804 653 2863 strum
719 2797 879 2864 illud
943 2799 1316 2865 attinerent.
1406 2800 1564 2865 Haec
1632 2805 1709 2866 ut
1769 2801 2017 2868 amicus
2079 2800 2191 2886 qui
2253 2804 2319 2866 te
2367 2801 2455 2869 ob
2503 2802 2751 2868 virtutes

443 2908 594 2969 tuas
637 2902 1010 2969 innumeras
1041 2904 1314 2988 suspicit
1343 2903 1370 2945 ⁵
1417 2912 1487 2971 et
1519 2905 1933 2973 vehementer
1962 2913 2147 2973 amat
2182 2906 2417 2973 scribo.
2498 2908 2593 2973 Tu
2622 2924 2752 2971 vero

445 3006 601 3092 quid
671 3006 1039 3073 faciendum
1110 3008 1224 3089 sit,
1291 3015 1547 3076 mature
1616 3002 2096 3097 considerabis.
2204 3014 2443 3097 Repeti
2512 3008 2755 3079 Treveri

446 3111 874 3196 antiquitates
937 3111 1152 3179 varias
1220 3121 1355 3180 tam
1427 3136 1671 3201 graecas
1754 3138 1948 3202 quam
2011 3117 2267 3183 latinas.
2373 3119 2479 3184 Ex
2544 3116 2755 3203 quibus

444 3236 656 3300 graeca
701 3217 832 3282 ista
877 3216 1086 3298 mitto,
1131 3218 1445 3287 missurus
1493 3228 1561 3287 et
1604 3221 1828 3303 latina,
1877 3223 1932 3288 si
1978 3222 2099 3289 tibi
2142 3223 2211 3289 id
2269 3224 2565 3308 placere„
2590 3219 2755 3287 intel-

441 3320 693 3401 lexero,
743 3327 954 3388 tuum
1031 3322 1252 3409 itaque
1313 3326 1440 3392 erit
1502 3327 1885 3411 rescribere.
1996 3328 2156 3395 Vale
2236 3335 2303 3395 et
2374 3346 2751 3413 quaecunque

438 3432 753 3511 praestare
799 3434 1030 3513 potero
1078 3451 1120 3496 a
1163 3452 1274 3496 me·
1311 3430 1588 3500 fidenter
1634 3432 1833 3519 exige.
1926 3434 2025 3500 Ex
2068 3434 2520 3522 Nuremberga
2563 3433 2749 3500 kalen.

442 3531 826 3601 decembris.
872 3535 1057 3602 Anno
1109 3541 1277 3601 1512
1313 3538 1356 3603 ⁶.

1578 3640 1618 3677 «ιι

439 3715 487 3760 4.
565 3709 965 3780 Demosthenes]
1025 3712 1190 3764 findet
1241 3714 1356 3765 sich
1411 3716 1561 3767 nicht
1610 3723 1761 3767 unter
1811 3718 1911 3768 den
1973 3720 2241 3785 ausgaben
2296 3715 2387 3771 der
2441 3722 2639 3783 werke,
2680 3716 2752 3766 die

433 3798 602 3848 Aldus
640 3798 844 3866 verlegt
881 3800 972 3850 hat
1017 3800 1083 3864 (s.
1131 3801 1225 3851 das
1269 3803 1627 3854 verzeichniss
1670 3806 1755 3857 bei
1803 3804 2039 3858 Schiick:
2087 3806 2255 3859 Aldus
2292 3810 2560 3860 Manutius
2596 3806 2752 3858 Berlin

442 3888 574 3937 1862
616 3902 658 3937 s.
698 3890 764 3937 20
800 3888 884 3940 bis
923 3890 1032 3953 52).

471 3978 476 3983 “
583 3980 603 4023 1
647 3977 938 4026 Assecutus
965 3983 1012 4027 4.
1159 3982 1188 4028 2
1222 3977 1476 4045 Libellos]
1515 3980 1895 4047 augenspiegel
1919 3981 2029 4032 und
2055 3982 2190 4033 ”Ain
2218 3983 2359 4034 clare
2386 3983 2747 4037 verstentnus.“

437 4064 467 4111 ὃ
510 4062 850 4113 persecutum
891 4070 938 4115 4.
1085 4070 1117 4114 4
1157 4066 1476 4116 Assecutum
1505 4070 1550 4117 4.
1698 4071 1731 4117 5
1769 4069 2007 4137 Suspicit
2033 4071 2378 4137 ausgelassen
2406 4080 2454 4123 4.
2596 4075 2626 4122 6
2662 4072 2748 4122 No-

433 4150 698 4217 rimberga
735 4155 785 4201 4.
849 4152 918 4201 Es
967 4151 1198 4215 scheint,
1245 4152 1370 4204 dass
1404 4154 1766 4207 Pirckheimer
1816 4158 1911 4207 mit
1956 4158 2048 4209 der
2085 4160 2561 4228 vereffentlichung
2596 4158 2746 4210 dieses

433 4234 627 4288 briefes
663 4239 813 4289 nicht
847 4240 1143 4291 sonderlich
1185 4242 1450 4293 zufrieden
1488 4258 1609 4293 war.
1684 4244 1854 4295 Wenn
1892 4246 2025 4297 auch
2066 4247 2219 4299 keine
2256 4250 2444 4315 eigeue
2480 4255 2746 4310 ausser-ung

437 4336 539 4372 von
578 4324 688 4375 ihm
726 4325 951 4379 dai-iiber
987 4327 1224 4379 bekannt
1269 4332 1362 4393 ist,
1411 4348 1472 4382 so
1516 4332 1643 4398 geht
1692 4348 1748 4383 es
1797 4333 1897 4384 wol
1948 4348 2043 4385 aus
2082 4335 2329 4387 Behaims
2375 4345 2567 4389 worten
2602 4352 2661 4387 an
2693 4333 2741 4381 P·

433 4409 635 4461 hervor.
714 4414 970 4481 Dialogus
1015 4416 1108 4466 ille
1158 4418 1493 4485 [unbekannt
1544 4420 1789 4490 welcher]
1848 4421 1976 4472 mihi
2030 4424 2160 4474 satis
2194 4424 2425 4491 placuit:
2470 4441 2587 4476 nam
2621 4418 2742 4472 dedit

432 4498 562 4553 mihi
587 4500 636 4550 H
643 4506 856 4556 attenua
888 4503 958 4556 ad
993 4503 1292 4575 legendum,
1326 4506 1422 4559 sed
1446 4508 1589 4578 quod
1625 4509 1691 4560 ad
1715 4509 1983 4563 Reuchlin-
2004 4513 2199 4577 mittas,
2224 4516 2413 4567 -nescio
2449 4513 2493 4568 si
2522 4511 2737 4583 probem:
