2950 5042
1180 372 1307 441 175

132 585 381 649 supreme
422 564 726 648 ingrat0S,
772 564 1005 649 quibus
1052 564 1244 633 deum
1287 564 1572 651 judicem
1621 584 1929 651 propono,
1981 567 2048 630 et
2093 562 2218 630 nisi
2250 564 2408 631 resi-

126 670 339 753 puerint
388 670 699 736 vindicem
762 675 935 755 opto.
1030 672 1164 739 Das
1220 672 1314 738 sei
1380 670 1542 737 aber
1598 669 1716 736 das
1763 668 2195 753 gemeinsame
2262 670 2403 736 loos

128 774 254 839 aller
280 775 497 842 lehrer.
593 777 810 862 thue
844 776 1140 843 omnibus
1173 782 1544 861 promptum
1579 780 1754 841 esset
1799 773 2080 840 omnium
2113 796 2404 841 meorum

126 878 404 947 abundare
448 880 638 968 copia
684 888 753 950 et
798 882 1145 963 facilitate,
1190 882 1319 949 feci
1360 880 1730 949 rudimenta
1776 880 2096 947 hebraicae
2143 882 2396 967 lingum,

126 1006 233 1067 quae
269 986 457 1053 multo
503 987 739 1054 sudore
788 993 855 1055 et
898 989 1069 1073 algu,
1118 1008 1331 1074 prece,
1378 988 1626 1073 premio
1675 992 1744 1053 et
1788 986 2008 1071 precio
2055 988 2398 1073 perlonga

124 1096 367 1174 tempora
418 1114 856 1175 corraseram,
912 1092 1091 1159 haud
1154 1094 1292 1161 sine
1338 1092 1704 1159 incredibili
1753 1091 2088 1176 diligentia
2143 1098 2213 1159 et
2270 1114 2398 1160 aere

124 1216 215 1259 non
252 1218 435 1280 parvo
480 1198 833 1282 publicitus
878 1198 1176 1284 imprimi.
1269 1198 1391 1278 Qui
1450 1197 1618 1265 liber
1663 1196 2176 1265 rudimentorum
2222 1219 2400 1263 meo-

124 1322 252 1382 rum,
292 1324 427 1369 cum
474 1303 613 1369 fere
661 1304 981 1387 integrum
1040 1304 1363 1370 hebraicae
1407 1302 1812 1388 intelligendi
1857 1302 2200 1370 artificium
2248 1326 2396 1371 con-

123 1404 305 1487 tiueat,
360 1430 485 1474 non
545 1415 772 1492 potest
818 1408 1207 1494 decerpente
1255 1415 1438 1475 tanto
1488 1408 1632 1475 usui
1679 1429 1852 1489 esse,
1907 1410 2033 1475 nisi
2095 1416 2162 1475 et
2207 1408 2390 1475 adhi-

120 1509 339 1578 beantur
378 1515 602 1599 aliqua
646 1514 973 1581 volumina
1018 1514 1251 1596 bibliae,
1300 1535 1431 1599 qua
1477 1513 1739 1598 quidem
1785 1515 1928 1598 ipsa
1975 1520 2117 1580 tota
2165 1514 2382 1599 lingua

120 1623 331 1683 constat.
419 1618 860 1705 Sperabamus
914 1627 1135 1686 autem
1188 1620 1563 1687 indubitata
1621 1618 1749 1687 fide
1810 1619 2050 1687 multas
2111 1620 2202 1701 ad
2269 1642 2386 1688 nos

121 1741 175 1785 ex
206 1723 375 1791 Italia
416 1724 661 1792 bibliae
706 1726 1045 1793 hebraicas
1091 1725 1347 1793 Soncini
1380 1725 1716 1793 Pisaurive
1761 1732 1878 1791 aut
1924 1725 2068 1791 aliis
2115 1726 2182 1791 in
2228 1726 2388 1792 locis

125 1825 407 1912 impressas
470 1852 621 1898 cum
684 1832 938 1898 caeteris
992 1832 1034 1897 J
1037 1831 1367 1899 udaeorum
1441 1830 1625 1899 libris
1706 1831 1994 1917 quotidie
2066 1839 2393 1915 venturas,

126 1954 220 2015 quae
268 1958 405 2003 eum
471 1937 832 2004 obsistente
901 1936 1129 2021 grandi
1192 1938 1365 2005 bello
1412 1938 1588 2023 quod
1635 1936 1961 2021 Augustus
2019 1938 2390 2023 Imperator

120 2037 573 2110 Maxaemilianus
613 2043 749 2128 jam
800 2042 911 2109 diu
951 2042 1020 2109 in
1064 2042 1255 2109 Italia
1288 2042 1593 2111 foeliciter
1621 2044 1808 2127 gerit,
1855 2045 2143 2129 emporio
2173 2050 2398 2111 nostro

118 2164 209 2207 non
264 2146 657 2230 afferuntur3
724 2147 1044 2216 tentanda
1107 2149 1520 2215 nihilominus
1589 2149 1696 2215 via
1766 2154 1894 2230 est,
1961 2172 2042 2217 ne
2109 2172 2224 2217 nos
2269 2150 2394 2235 ipsi

116 2247 285 2317 deesse
344 2254 531 2321 nobis
581 2254 943 2337 videamur,
1000 2255 1067 2320 in
1134 2274 1261 2339 quo
1316 2254 1530 2321 fateor
1577 2255 1956 2322 tarditatem
2003 2277 2214 2322 meam
2261 2256 2390 2322 dis-

114 2355 251 2421 cendi
300 2360 547 2444 cupidis
597 2382 959 2427 onerosam.
1050 2360 1307 2427 Dudum
1367 2361 1538 2426 enim
1593 2361 1841 2446 aliquid
1897 2368 2216 2446 praeterea
2275 2362 2385 2427 he·-

112 2457 291 2528 braieae
336 2465 655 2532 doctrinae
700 2464 1011 2532 studiosis
1058 2488 1185 2551 quo
1234 2487 1305 2533 se
1342 2466 1650 2547 juvarent
1697 2465 2043 2533 edidissem
2090 2474 2287 2547 certe,
2335 2466 2390 2533 si

112 2584 197 2631 non
234 2569 293 2635 in
336 2572 477 2637 dies
522 2570 919 2637 audivissem
964 2571 1145 2637 brevi
1190 2570 1483 2637 futurum
1530 2592 1671 2637 esse
1719 2572 2053 2657 quippiam
2089 2576 2105 2612 ¹
2189 2572 2399 2638 admi-

112 2673 304 2741 ratione
348 2683 415 2743 et
464 2678 754 2743 omnium
813 2676 1092 2743 lectione
1140 2676 1431 2761 dignum,
1495 2678 1670 2762 quod
1727 2678 1944 2745 nescio
1993 2678 2104 2763 qui
2151 2678 2388 2762 Peper-

107 2776 327 2857 phrones
356 2804 505 2849 cum
540 2804 661 2849 suo
682 2784 1111 2867 Pepericorno
1142 2782 1369 2849 Judaeo
1400 2782 1512 2848 illo
1547 2782 1877 2868 baptizato
1910 2784 2378 2849 calumniatore

106 2901 224 2965 meo,
267 2908 341 2952 ex
382 2888 919 2973 profundissimis
966 2888 1385 2954 scientiarum
1417 2909 1680 2954 suarum
1713 2889 2038 2955 thesauris
2069 2889 2394 2974 proferre,

104 2990 310 3058 tornare
356 3000 425 3060 et
467 2994 561 3059 ad
592 2993 889 3059 incudem
921 2993 1195 3061 reddere
1225 2994 1709 3078 pollicerentur,
1758 3016 1885 3080 quo
1917 2996 2102 3063 nobis
2133 3002 2384 3063 mentes

104 3098 379 3173 part-urire
410 3098 880 3183 suspicandum
898 3099 1042 3166 fuit.
1121 3102 1257 3183 Ego
1278 3121 1431 3167 vero
1446 3102 1582 3185 jam
1607 3101 1903 3186 quintum
1929 3123 2165 3169 annum
2199 3124 2397 3188 supra

101 3217 206 3265 cum
232 3203 396 3271 Isaia
419 3206 445 3245 ²
480 3206 837 3288 expectavi,
878 3211 954 3272 ut
987 3205 1281 3272 facerent
1309 3228 1487 3286 uvae,
1521 3213 1588 3272 et
1617 3207 1913 3274 fecerunt
1943 3208 2295 3291 labruscas,
2329 3214 2397 3275 et

102 3300 363 3377 labruscis
391 3310 789 3392 acerbiores,
817 3311 1064 3376 scilicet
1090 3311 1291 3377 libros
1320 3310 1790 3379 diffamatorios
1819 3320 2017 3399 atque
2039 3315 2217 3381 aliud
2236 3315 2396 3384 nihil

100 3414 226 3490 quod
264 3417 357 3482 vir
400 3416 619 3485 bonus
649 3416 919 3483 laudare
953 3416 1211 3502 quidem
1241 3424 1481 3501 posset,
1530 3418 1585 3483 si
1632 3439 1827 3504 quam
1859 3420 2140 3485 maxime
2173 3418 2386 3486 vellet.

101 3512 267 3585 Daher
308 3522 480 3588 habe
534 3544 609 3587 er
638 3521 775 3588 sich
821 3544 951 3588 nun
986 3522 1447 3603 entscblossen,
1495 3523 1637 3589 eine
1685 3524 1968 3607 ausgabe
2003 3524 2120 3589 der
2167 3524 2389 3590 sieben

101 3615 499 3710 busspsalmen
548 3628 669 3692 mit
712 3648 1003 3711 genauen
1048 3632 1238 3693 wort-
1296 3628 1431 3693 und
1476 3628 2066 3713 sacherklarungen
2128 3651 2206 3695 zu
2251 3650 2392 3694 ver-

108 3722 480 3800 liffentlichen.
616 3734 1041 3818 Stutgardiae,
1103 3733 1231 3799 kal.
1304 3733 1655 3800 Sextilibus
1701 3756 1869 3800 anno
1923 3738 2109 3798 1512.

232 3840 556 3903 Gedruckt:
620 3844 852 3919 Septem
912 3844 1119 3919 psalmi
1175 3844 1604 3918 poenitentiales
1671 3844 1838 3903 1512
1905 3842 2042 3919 [ng.
2105 3841 2390 3903 Reuchlin

101 3954 133 3998 s.
164 3947 285 4024 133,
316 3965 368 4009 a.
407 3953 449 4009 4
483 3944 596 4029 ff.].

1203 4048 1239 4089 ιιε

204 4138 224 4185 1
262 4136 559 4207 Quippiam]
598 4139 692 4191 Ich
740 4138 1037 4205 vermutbe,
1088 4138 1211 4190 dass
1259 4140 1504 4189 darunter
1560 4137 1652 4189 der
1699 4136 1823 4203 plan
1875 4133 2228 4187 Pfefferkorns
2277 4150 2392 4185 ver-

94 4220 269 4274 standan
303 4227 401 4291 ist,
440 4229 529 4278 die
566 4229 880 4294 evangelicu
916 4229 1002 4279 ins
1040 4227 1369 4280 Hebraische
1408 4242 1471 4279 zu
1509 4227 1834 4287 iibersetzen,
1873 4224 1972 4275 den
2011 4224 2182 4274 dieser
2219 4223 2390 4273 sehon

94 4299 134 4351 in
162 4309 321 4364 seinen
351 4324 525 4367 ersten
562 4316 816 4368 schriften
858 4318 1017 4379 1507,
1075 4317 1208 4368 1508
1258 4313 1682 4383 ausgesprochen
1723 4314 1893 4377 hatte,
1933 4312 2068 4363 ohne
2104 4312 2196 4362 ihn
2235 4312 2390 4376 doch,

94 4393 167 4442 wie
198 4412 246 4448 es
280 4403 482 4453 scheint
507 4404 685 4455 erfiillt
720 4420 788 4455 zu
812 4404 984 4457 haben
1020 4403 1130 4471 vgl.
1158 4404 1331 4454 meino
1360 4402 1687 4468 bemerkung
1713 4402 1786 4451 im
1811 4404 2109 4467 Serapeum,
2139 4401 2387 4467 berausg.

96 4490 173 4531 Yon
203 4484 567 4557 R.Naumann,
602 4492 825 4560 Leipzig
868 4494 1017 4557 1868,
1057 4508 1100 4544 s.
1145 4496 1241 4544 193
1277 4492 1362 4543 bis
1407 4494 1522 4545 197.
1671 4495 1699 4541 2
1737 4487 1850 4541 Jes.
1891 4492 1941 4555 5,
1981 4492 2033 4542 2.
