2950 5042
1603 361 1734 428 282

668 553 991 620 Gedruokt:
1042 559 1073 616 1
1113 575 1199 612 ==
1230 556 1286 618 J.
1336 575 1389 620 v.
1440 572 1492 616 e.
1545 555 1590 615 G
1637 551 1742 632 3¹²3
1795 560 1831 618 2
1871 578 1956 612 ==
1989 555 2214 634 Corpus
2259 553 2680 617 reformatorum
2718 554 2786 615 ed.

494 659 963 737 Bretschneider,
1012 664 1125 728 vol.
1174 661 1220 740 1,
1267 663 1377 724 eol.
1428 664 1506 724 21
1561 662 1640 740 fg.
2181 649 2190 661 ’
2900 669 2901 672 ’

1589 847 1766 916 CCL.

633 938 918 1004 stuttgart.
2413 939 2560 988 1518.
2599 935 2734 988 Febr.

486 1023 820 1102 Adriano
878 1025 952 1102 S.
1012 1023 1485 1128 Chrysogoni
1531 1025 2140 1101 reverendissimo
2179 1025 2545 1102 cardinali
2594 1025 2790 1101 Joan-
2900 1055 2901 1062 ¹

574 1177 703 1225 nes
756 1148 1127 1226 Reuchlin
1180 1150 1624 1228 Phorcensis
1682 1149 1833 1226 LL.
1901 1147 2158 1225 doctor
2227 1149 2542 1224 salutem
2595 1147 2726 1224 dat.

665 1315 1005 1382 Hebraicae
1060 1315 1354 1380 veritatis
1400 1315 1840 1393 amatoribus,
1897 1314 2209 1395 Adriane,
2257 1313 2642 1398 optimarum
2687 1311 2800 1376 lite-

489 1423 707 1490 rarum
750 1427 1055 1506 patrone,
1114 1441 1321 1504 nuper
1374 1421 1443 1484 in
1505 1420 1604 1486 tui
1661 1420 1933 1492 nominis
1995 1421 2267 1504 gloriam
2322 1419 2502 1486 nullo
2548 1439 2793 1504 unquam

484 1533 777 1613 tempore
808 1527 1221 1592 interiturum
1243 1533 1310 1591 et
1346 1525 1634 1592 ecclesiae
1667 1525 2046 1594 universalis
2072 1532 2458 1612 perpetuam
2487 1525 2799 1591 utilitatem

487 1655 605 1718 ego
651 1633 897 1718 primus
931 1633 1235 1712 omnium,
1282 1653 1445 1718 quos
1496 1639 1677 1698 terra
1721 1633 2025 1712 sustinet,
2074 1632 2276 1698 libros
2321 1631 2402 1696 de
2452 1629 2790 1696 accentibus

488 1746 558 1808 et
632 1739 1093 1823 orthographia
1176 1739 1550 1805 Judaeorum
1644 1758 1940 1804 sermone
2009 1739 2212 1804 latino
2287 1737 2495 1818 edidi,
2582 1745 2784 1820 tuoque
2900 1825 2901 1828 Ἴ

484 1845 684 1912 foelioi
727 1844 1028 1931 praesidio
1076 1844 1314 1924 dicavi,
1376 1851 1451 1910 ut
1499 1849 1750 1910 certum
1812 1844 2364 1910 haberet-ducem
2414 1850 2790 1910 externarum

484 1951 851 2036 linguarum
900 1950 1193 2018 studiosa-
1228 1952 1568 2036 juventus,
1616 1950 1735 2016 sub
1783 1951 1965 2034 cujus
2012 1950 2192 2034 signo
2239 1949 2456 2015 levato
2505 1949 2784 2022 militaret,

487 2078 634 2125 cum
680 2077 843 2141 opus
888 2055 1060 2122 foret
1104 2062 1335 2122 contra
1392 2055 1675 2121 furiosos
1725 2063 1792 2120 et
1837 2056 2100 2122 rabidos
2131 2057 2351 2122 'canes
2403 2055 2609 2122 omnis
2651 2053 2790 2119 bonae

486 2163 649 2229 artis
682 2182 923 2242 osores,
969 2167 1198 2227 contra
1242 2161 1419 2228 luem
1445 2168 1514 2227 et
1559 2169 1812 2246 pestem
1845 2163 2211 2244 vetustatis,
2259 2169 2494 2228 contra
2525 2161 2794 2226 librorum
2900 2153 2901 2194 ³

484 2267 936 2349 incendiarios,
987 2275 1547 2334 monumentorum
1605 2269 2204 2353 antiquissimorum
2261 2268 2520 2335 cladem
2566 2243 2798 2334 etsorbi-

486 2380 690 2442 tatem
722 2374 1033 2441 sitientes.
1081 2375 1137 2439 N
1142 2396 1223 2440 on
1268 2375 1427 2440 satis
1473 2396 1616 2440 esse
1649 2375 1820 2454 duxi,
1854 2380 1955 2440 tot
1991 2374 2359 2440 exantlatos
2385 2375 2658 2452 laboreS,
2684 2377 2796 2434 tan-

485 2487 626 2547 tum
657 2501 888 2566 operae,
921 2486 1178 2546 tantum
1210 2480 1336 2546 olei
1370 2481 1818 2564 superioribus
1865 2482 2050 2546 annis
2096 2483 2161 2545 in
2195 2481 2593 2547 noviciorum
2623 2475 2799 2544 studia

486 2585 899 2674 impendisse,
929 2594 1003 2652 ut
1051 2608 1161 2652 eos
1210 2594 1277 2652 et
1322 2607 1556 2669 graeca
1588 2589 1884 2670 primum,
1932 2586 2164 2653 deinde
2213 2593 2279 2651 et
2309 2586 2676 2652 rudimenta
2700 2583 2796 2647 He·
2900 2673 2901 2678 γ

485 2691 713 2760 braica
778 2713 923 2758 cum
986 2692 1163 2756 nullo
1234 2713 1377 2758 meo
1453 2692 1634 2760 lucro
1697 2714 1777 2758 ne
1837 2699 2101 2777 sperato
2175 2693 2440 2777 quidem
2509 2693 2792 2763 docerem,
2900 2739 2901 2770 ἒ

484 2798 612 2866 nisi
658 2799 851 2863 etiam
903 2803 969 2862 et
1014 2797 1709 2864 consummatissimam
1768 2799 2218 2882 grammatices
2285 2799 2612 2864 hebraicae
2669 2797 2792 2862 hano
2900 2801 2901 2808 ’

483 2910 742 2992 partem
779 2910 891 2970 tuo
940 2909 1101 2970 nutu
1147 2910 1346 2989 atque
1397 2905 1657 2971 numine
1706 2904 1995 2971 discendi
2043 2903 2292 2988 cupidis
2339 2905 2628 2988 gratuito
2659 2921 2798 2967 mon-

486 3017 786 3091 strarem,
829 3010 898 3075 id
933 3010 1107 3094 quod
1136 3010 1549 3094 potissimum
1589 3011 1716 3076 fuit
1767 3010 2201 3077 scribentibus
2259 3010 2450 3076 nobis
2492 3011 2797 3095 reliquum,

485 3116 599 3202 qui
646 3115 1107 3202 desyderamus
1156 3115 1349 3202 pleno
1415 3124 1683 3201 pectore
1734 3137 1810 3182 ao
1861 3117 2016 3182 totis
2070 3117 2313 3182 viribus
2367 3117 2652 3181 omnium
2689 3117 2795 3177 stu-

484 3221 814 3288 diosorum
846 3221 1141 3301 salutem,
1173 3221 1575 3306 dignitatem,
1623 3229 1820 3308 atque
1853 3222 2217 3307 profectum
2249 3243 2410 3288 cura
2442 3220 2793 3306 cogitatione

482 3327 718 3413 vigiliis
778 3334 845 3394 et
898 3327 1457 3393 lucubrationibus
1533 3331 1772 3394 nostris
1841 3350 2241 3414 comparare.
2349 3327 2523 3394 Nam
2583 3341 2798 3408 semper
2900 3321 2901 3390 ζ

482 3433 623 3502 haec
667 3433 825 3499 mihi
868 3433 996 3498 fuit
1038 3433 1107 3498 in
1152 3442 1408 3518 partem
1439 3435 1866 3501 beatitudinis
1921 3441 2150 3519 optata
2195 3455 2370 3514 sorS,
2425 3440 2500 3501 ut
2547 3429 2799 3500 omnibus
2900 3465 2901 3514 3

488 3540 804 3628 prodesse
850 3561 1149 3625 possem,
1200 3562 1440 3608 nocere
1489 3541 1780 3620 memini,
1827 3540 1951 3606 nisi
1993 3541 2161 3607 forte
2194 3540 2539 3606 lacessitus
2583 3535 2794 3622 injuria.

486 3646 807 3713 Nimirum
838 3647 923 3712 ad
956 3647 1077 3711 hoc
1120 3668 1224 3712 me
1258 3655 1495 3713 natura
1524 3646 1794 3724 inflexit,
1849 3647 2148 3713 educatio
2180 3632 2451 3731 aptavit,
2485 3652 2553 3710 et
2583 3637 2797 3708 vivendi

485 3751 887 3820 consuetudo
938 3753 1184 3836 jugiter
1230 3755 1606 3834 commovit,
1655 3760 1726 3818 ut
1772 3753 1932 3823 nihil
1981 3774 2122 3818 esse
2168 3753 2238 3816 in
2282 3752 2405 3818 hoo
2457 3749 2666 3817 seculo
2709 3746 2794 3810 be-

484 3859 659 3925 atius
690 3858 1071 3938 arbitrarer,
1103 3881 1298 3944 quam
1343 3860 1409 3925 in
1443 3859 1729 3925 omnium
1763 3859 2081 3925 bonorum
2113 3857 2442 3930 hominum
2478 3849 2798 3927 commoda,

486 3964 759 4032 sudores
806 3970 874 4030 et
917 3964 1177 4031 labores
1224 3971 1482 4032 nostros
1531 3972 1930 4032 convertere.
2159 3959 2162 3961 ’

666 4070 881 4156 thue
915 4071 1075 4136 nihil
1118 4092 1342 4138 eorum
1370 4073 1660 4154 ignores:
1685 4072 1822 4155 jam
1855 4092 2012 4137 sane
2038 4069 2122 4137 ab
2159 4070 2318 4154 ipsis
2349 4069 2499 4134 vitae
2543 4085 2688 4132 meae
2723 4060 2800 4125 in-

482 4177 825 4244 cunabulis
874 4199 1061 4243 orsus
1111 4179 1309 4268 ὥσπερ
1355 4181 1475 4242 ἀπὸ
1519 4188 1797 4268 γραμμῆς
1842 4168 2132 4242 rationes
2197 4196 2418 4240 omnes
2488 4191 2658 4238 meas
2699 4163 2798 4232 tibi

490 4283 725 4367 exigua
774 4282 1017 4349 scheda
1063 4281 1380 4367 colligam.
1444 4282 1619 4348 Nihil
1653 4283 1936 4348 omnium
1985 4288 2170 4347 tanta
2217 4280 2412 4346 animi
2443 4279 2545 4344 vel
2573 4279 2797 4344 conten-

485 4387 663 4455 tione
708 4389 812 4454 vel
859 4387 1159 4474 cupidine
1207 4410 1351 4454 sum
1399 4395 1688 4455 sectatus
1737 4394 1980 4474 quanta
2027 4387 2362 4474 multiplex
2405 4384 2570 4450 illud
2611 4385 2796 4447 exter-

483 4513 718 4564 narum
771 4494 1135 4586 linguarum,
1195 4495 1511 4584 Studium,
1575 4501 1650 4562 ut
1709 4517 1844 4568 non¹
1905 4494 2197 4568 dubitem
2261 4494 2467 4586 signa.
2515 4485 2674 4584 genii
2710 4498 2792 4551 mo
