2950 5042
1262 434 1347 501 97

190 622 692 705 amantissimum,
748 623 875 691 nisi
928 622 1075 709 plus
1132 644 1213 691 ex
1278 644 1355 693 eo
1402 626 1620 693 Romae
1677 624 2025 695 latinitatis
2072 648 2267 715 quam
2325 650 2486 717 grae-

188 728 374 794 citatis
427 728 781 795 hausissem
800 780 817 811 ,
892 730 987 796 ita
1046 728 1423 797 hebraicam
1499 752 1617 816 ego
1699 752 1957 817 quoque
2033 752 2112 799 ac
2187 740 2482 803 sanctam

187 832 431 917 linguam
472 855 601 900 non
650 834 1131 919 Hierosolymis,
1176 856 1387 921 neque
1434 836 1501 901 in
1549 837 1826 921 publicis
1870 838 2244 905 Judaeorum
2291 860 2480 925 syna-

186 940 351 1021 gogis,
391 939 501 1006 sed
547 961 591 1005 a
633 940 1097 1007 literatissimis
1126 940 1420 1008 Hebraeis
1466 962 1632 1026 pene
1677 943 1890 1009 cecios
1937 942 2199 1027 quidem
2231 944 2482 1013 Jacobo

187 1042 365 1109 Jehiel
404 1044 636 1126 Loan's,
694 1046 761 1111 in
806 1046 997 1113 Latio
1061 1052 1281 1113 autem
1337 1046 1552 1113 Abdia
1605 1045 1909 1113 Cesinate
1972 1054 2174 1133 atque
2228 1048 2393 1117 alias
2437 1070 2482 1117 a

188 1148 415 1233 singulis
460 1150 716 1234 singula
760 1150 1134 1237 expiscatus
1178 1172 1340 1217 sum.

330 1254 411 1319 At
452 1255 715 1339 gravius
772 1255 1123 1340 insurgent,
1184 1256 1397 1337 cred0,
1460 1255 1660 1323 invidi
1719 1262 1950 1323 contra
2009 1254 2478 1327 Dictionarium

189 1364 435 1425 nostrum
464 1362 532 1426 in
564 1382 697 1447 quo
728 1361 1081 1428 multorum
1124 1362 1502 1447 frequenter
1547 1361 2123 1446 interpretationes
2169 1370 2480 1431 taxantur

191 1463 356 1541 „Proh
400 1465 613 1532 scelus
662 1466 1146 1547 exclamabunt,
1205 1466 1365 1532 nihil
1426 1466 1750 1551 indignius
1819 1473 2078 1555 patrum
2147 1470 2478 1551 memoria,

192 1568 311 1633 nihil
350 1570 705 1637 admissum
754 1572 1100 1651 crudelius,
1148 1594 1293 1639 cum
1338 1570 1447 1638 ille
1505 1572 1697 1638 homo
1744 1572 2212 1639 audacissimus
2267 1580 2370 1641 tot
2413 1583 2482 1641 et

199 1680 295 1739 iam
330 1682 591 1743 sanctos
636 1677 811 1743 viros
858 1676 1072 1743 divino
1118 1676 1355 1763 spiritu
1384 1675 1640 1744 afflatos
1668 1676 2068 1745 labefactare
2106 1680 2474 1747 contendat.

207 1776 521 1867 Hieronymi
569 1780 937 1849 beatissimi
998 1782 1345 1867 scriptura,
1414 1782 1678 1849 Gelasio
1722 1784 1904 1867 Papa
1960 1789 2146 1865 teste,
2213 1792 2482 1869 recepta

204 1892 273 1949 cst
302 1888 356 1951 in
402 1887 705 1966 ecclesia,
752 1887 1147 1979 venerabilis
1190 1894 1383 1973 pater
1413 1887 1722 1955 Nicolaus
1769 1887 1850 1953 de
1898 1888 2070 1973 Lyra
2114 1889 2482 1957 ordinarius

196 1993 475 2073 expositor
524 1993 759 2080 Bibliae
820 1992 1159 2073 „omnibus
1206 1992 1449 2059 Christi
1509 1992 1808 2059 fidelibus
1873 1994 1971 2059 vir
2029 1993 2480 2077 integerrimus

192 2096 479 2176 probatur.
574 2098 859 2183 Jamjam
890 2105 1153 2165 exortus
1184 2104 1287 2164 est
1330 2098 1567 2183 aliquis
1613 2098 1896 2165 fumulus
1921 2101 1964 2179 ¹,
2011 2099 2124 2185 qui
2169 2098 2481 2183 plurimus

190 2198 238 2263 in
275 2200 415 2269 locis
458 2204 614 2269 illos
658 2202 957 2289 imperite
1005 2203 1417 2270 transtulisse
1481 2207 1723 2270 notat“.
1815 2204 2102 2281 Quorum
2149 2204 2483 2269 imminen-

190 2304 331 2371 tibus
390 2308 791 2375 clamoribus
856 2308 1017 2375 haec
1073 2330 1283 2394 pauca
1352 2310 1754 2393 respondeo:
1819 2308 1977 2374 mihi
2040 2309 2238 2375 licere
2307 2306 2482 2392 quod

184 2409 386 2479 eisdem
430 2413 891 2480 illustrissimis
936 2413 1285 2480 luminibus
1316 2414 1517 2480 licuit.
1593 2414 2028 2499 Hieronymus
2075 2414 2172 2479 vir
2219 2418 2481 2479 sanctus

182 2514 337 2583 LXX.
379 2520 598 2605 carpit
642 2520 1057 2604 interpretes,
1106 2540 1231 2586 non
1278 2520 1495 2600 semel,
1545 2520 1662 2598 bis,
1709 2525 1911 2600 terve,
1959 2520 2078 2585 sed
2123 2518 2480 2603 saepissime

181 2640 427 2691 numero.
527 2625 712 2692 Nunc
781 2625 927 2693 illos
1004 2646 1262 2693 errasse
1330 2625 1490 2691 dicit
1562 2646 1782 2691 errore
1845 2624 2224 2707 conspicuo,
2295 2642 2481 2701 nunc,

179 2726 433 2813 inceptos
480 2712 901 2815 ignorantias
920 2737 1061 2799 tum
1109 2730 1485 2799 discordare
1532 2751 1573 2796 a
1619 2731 1896 2795 veritate
1944 2727 2270 2807 hebraica,
2322 2732 2480 2806 tum,

181 2831 419 2902 falsatos
465 2835 889 2903 similitudine
952 2837 1289 2903 literarum
1308 2887 1324 2917 ,
1386 2843 1526 2902 tum
1585 2835 1880 2901 consulto
1936 2831 2158 2915 aliqua
2213 2829 2482 2895 coelasse

182 2946 273 3003 aut
310 2942 632 3021 omisisse,
693 2963 775 3007 ne
838 2961 1025 3009 sacra
1070 2942 1435 3027 panderent
1479 2938 1812 3025 mysteria,
1861 2956 2022 3022 quos
2068 2942 2288 3002 tamen
2335 2936 2482 3001 Pto·

180 3041 409 3113 lomaeus
484 3046 891 3112 Alexandriae
945 3068 1053 3113 res
1113 3047 1331 3113 divina
1394 3045 1672 3127 credidit
1741 3044 1979 3108 virtute
2051 3040 2482 3121 transtulisse,

184 3153 234 3212 et
288 3157 358 3216 ut
422 3153 724 3219 Justinus
794 3152 1217 3239 philosophus
1282 3158 1482 3236 atque
1555 3150 1789 3215 martir
1865 3148 1931 3213 in
2003 3168 2120 3215 suo
2198 3146 2278 3213 de
2354 3145 2482 3213 illis

182 3259 543 3335 paraenetico
610 3258 837 3324 scribit
900 3264 1008 3333 ὡς·
1041 3257 1326 3347 θεοφίλεις
1378 3246 1594 3344 ἄνδρας
1649 3246 1881 3345 διέγνω.
1972 3252 2280 3319 Nicolaus
2325 3252 2485 3317 item

185 3357 244 3423 de
299 3362 465 3447 Lyra
544 3362 760 3429 divum
831 3364 1297 3447 Hieronymum
1362 3360 1429 3426 in
1501 3360 1932 3427 translatione
2011 3380 2129 3425 sua
2197 3356 2487 3424 ostendit

186 3468 752 3549 reprehensibilem3
828 3488 974 3533 cum
1034 3466 1199 3533 alias
1255 3465 1477 3531 multis
1523 3464 1589 3529 in
1647 3461 1806 3530 locis
1825 3513 1840 3544 ,
1907 3469 2046 3528 tum
2105 3464 2171 3527 in
2233 3462 2483 3546 psalmo

187 3574 505 3639 secundum
582 3572 867 3638 ecclesiae
952 3579 1191 3638 nostrae
1274 3570 1801 3657 supputationem
1873 3566 2289 3646 XXXXVIL,
2375 3566 2485 3649 qui

187 3672 446 3763 incipitz·
482 3680 752 3763 Magnus
824 3677 1159 3757 DominuS,
1229 3676 1340 3743 ubi
1412 3676 1550 3760 ejus
1614 3674 1679 3739 in
1753 3672 1878 3738 fine
1947 3672 2039 3737 sic
2111 3672 2231 3737 ait:
2294 3670 2485 3751 „Hie-

186 3798 453 3865 ronymus
513 3791 731 3850 tamen
792 3784 1003 3852 minus
1056 3781 1220 3848 bene
1281 3780 1537 3847 videtur
1595 3779 1808 3845 dicere
1864 3778 2016 3861 quia
2063 3777 2130 3842 in
2183 3774 2483 3841 omnibus
2583 3778 2598 3789 ‘

187 3880 372 3955 bibliis
414 3889 759 3969 hebraicis,
791 3910 953 3975 quas
1000 3887 1148 3967 vidi,
1188 3886 1441 3953 almuth
1464 3887 1490 3925 ²
1541 3886 1646 3951 hic
1687 3891 1790 3951 est
1830 3903 1961 3948 una
2001 3881 2200 3947 dictio
2249 3886 2316 3946 et
2355 3900 2485 3945 non

189 3986 359 4059 duae.“
446 3994 611 4061 Vide
642 3992 963 4079 quomodo
994 3998 1265 4059 accusat
1294 3992 1743 4058 beatissimum
1773 3990 1981 4055 virum
2013 3985 2252 4053 erroris
2286 3991 2486 4068 atque

188 4098 575 4183 negligentiae.
670 4098 952 4183 ipsemet
1008 4119 1160 4165 vero
1224 4098 1568 4175 Nicolaus,
1619 4102 1694 4160 ut
1748 4094 2064 4178 aequalem
2112 4110 2485 4157 mensuram

190 4208 511 4286 pateretur,
558 4202 768 4270 simile
812 4226 853 4269 a
902 4202 1256 4269 reverendo
1304 4200 1621 4286 Burgensi
1666 4199 1989 4283 Episcopo
2035 4194 2489 4281 frequentibus

1308 4357 1341 4395 *

315 4450 335 4497 1
374 4447 699 4515 Auspielung
731 4447 830 4497 auf
862 4446 961 4498 den
996 4460 1185 4497 namen
1220 4446 1501 4497 Rcucblin.
1652 4447 1680 4494 2
1722 4441 1966 4493 Gemeint
2003 4440 2074 4488 ist
2118 4436 2255 4489 wohl
2289 4430 2488 4522 ῃύύῐξ

196 4532 309 4582 nach
343 4552 405 4585 un
410 4553 547 4586 rrrrrr
584 4535 827 4603 zahlung·
856 4536 944 4587 ΡΒ.
984 4536 1051 4586 46
1089 4549 1137 4586 ν.
1185 4538 1229 4585 1.

249 4644 491 4691 Reuehlni
2035 4620 2068 4678 7
