2950 5042
489 643 775 711 studium
819 638 1366 720 ardentissimum,
1411 636 1825 718 consulendo,
1873 636 2049 722 quod
2090 635 2140 702 ii
2169 636 2283 722 qui
2326 634 2481 703 foris
2524 640 2592 703 et
2630 638 2792 702 extra

487 748 682 814 fidem
727 754 1017 814 nostram
1065 751 1217 811 sunt
1262 746 1394 811 sive
1424 743 1639 811 Jndeei
1686 765 1801 811 seu
1853 742 2063 809 Graeci
2108 748 2225 810 aut
2254 742 2531 826 Agereni
2562 744 2586 783 ¹
2626 740 2793 807 nullis

485 854 771 919 debeant
813 853 1066 937 injuriis
1112 851 1197 917 ad
1241 872 1358 917 nos
1404 848 1593 915 trahi.
1686 849 1830 913 Non
1880 850 2047 914 enim
2079 847 2487 914 commodum
2534 846 2792 913 ecclesiae

485 958 711 1045 putavi
755 958 894 1023 fore
941 978 1058 1041 per
1104 954 1510 1040 tyrannidem
1556 954 1705 1020 illos
1745 974 1822 1019 ac
1875 954 2198 1019 saeviciam
2244 952 2333 1019 ad
2372 974 2625 1018 sacrum
2664 952 2796 1036 bap-

487 1065 752 1130 tismum
793 1064 966 1147 cogi3
1017 1062 1168 1147 quin
1215 1062 1430 1143 potius
1463 1059 1638 1145 quod
1684 1060 1815 1125 sint
1861 1059 2053 1143 juxta
2086 1064 2323 1124 sanctae
2354 1058 2581 1124 matris
2626 1056 2796 1123 eccle-

488 1169 600 1235 siae
645 1168 979 1234 decretum
1044 1165 1533 1244 blandimentis,
1594 1186 1722 1231 non
1784 1163 2285 1248 asperitatibus,
2346 1162 2653 1230 suadendi
2692 1183 2796 1227 non

485 1272 879 1357 impellendi,
925 1278 1002 1338 ut
1046 1272 1302 1355 integra
1349 1276 1611 1337 maneat
1655 1269 1864 1335 forma
1886 1262 2203 1355 justiciae,
2247 1269 2444 1335 immo
2474 1268 2799 1355 prudenter

486 1400 566 1445 ex
609 1379 868 1445 illorum
914 1378 1202 1463 ipsorum
1250 1376 1583 1442 codicibus
1628 1374 2063 1441 convincendi.
2156 1374 2331 1453 Quos
2364 1374 2625 1459 quidem
2654 1372 2799 1439 codi-

489 1505 596 1551 ces
657 1489 724 1549 et
780 1483 984 1549 libros
1041 1504 1169 1548 non
1230 1481 1527 1547 consensi
1588 1502 1707 1565 per
1772 1501 1889 1545 nos
1943 1480 2089 1565 igne
2149 1479 2622 1545 comburendos
2665 1499 2798 1558 esse,

487 1589 611 1656 nisi
656 1610 818 1675 quos
863 1588 1038 1673 leges
1087 1593 1152 1653 et
1188 1588 1342 1672 jura
1387 1586 1680 1653 comburi
1726 1586 2107 1651 sanxissent.
2203 1585 2390 1665 Quod
2442 1606 2589 1651 cum
2630 1584 2797 1649 latius

487 1694 555 1759 in
616 1694 864 1761 oculari
920 1693 1181 1778 speculo
1245 1692 1334 1758 ad
1392 1692 1653 1757 honoris
1716 1690 1845 1756 mei
1894 1690 2171 1757 salutem
2220 1696 2288 1757 et
2332 1690 2692 1757 necessario
2730 1686 2798 1754 ad

484 1799 876 1883 impugnatae
941 1798 1130 1863 famae
1192 1797 1631 1863 defensionem
1688 1796 1892 1876 edite,
1940 1801 2573 1875 commonstrassem,
2634 1794 2797 1879 coepit

488 1903 776 1987 impetus
825 1910 891 1968 et
936 1903 1253 1969 tumultus
1299 1904 1631 1987 insurgere
1666 1906 1893 1967 contra
1924 1922 2027 1967 me
2074 1921 2263 1985 quem
2303 1923 2452 1966 cum
2498 1901 2605 1967 dei
2640 1899 2795 1966 laude

491 2008 852 2092 apostolica
896 2009 1222 2072 sententia
1257 2008 1406 2092 jure
1454 2008 1699 2091 optimo
1748 2006 2039 2086 sedavit,
2086 2007 2503 2091 promulgata
2548 2006 2645 2073 his
2684 2026 2796 2071 ver-

489 2113 590 2178 bis
623 2161 982 2177 ........
1017 2112 1059 2177 2.
1123 2112 1329 2191 Quam
1385 2134 1530 2177 cum
1592 2112 1906 2177 hactenus
1968 2110 2326 2176 adversarii
2382 2118 2652 2197 propter
2693 2111 2793 2175 evi-

490 2218 751 2282 dentem
788 2217 1124 2301 justiciam
1171 2238 1299 2282 non
1328 2238 1594 2283 munere
1628 2238 1755 2283 non
1801 2238 2069 2282 numero
2104 2218 2429 2282 sociorum
2460 2218 2791 2301 infringere,

490 2322 787 2387 demoliri
834 2327 950 2387 aut
997 2322 1374 2388 subvertere
1421 2322 1785 2401 valuerunt,
1832 2322 2001 2405 coepi
2046 2321 2262 2387 redire
2309 2344 2461 2388 cum
2509 2323 2705 2389 literis
2739 2322 2791 2385 in

488 2428 788 2511 gratiam,
859 2432 926 2492 et
979 2434 1313 2510 assumpto
1361 2426 1673 2510 psalterio
1719 2428 1990 2513 hymnos
2045 2427 2389 2507 modulari,
2441 2434 2517 2495 ut
2562 2433 2791 2495 sanctus

485 2532 610 2597 iste
659 2532 1053 2597 Athanasius
1100 2539 1322 2597 noster
1364 2533 1432 2597 in
1476 2533 1599 2599 hoc
1644 2532 1811 2598 libro
1860 2531 2204 2616 praecepit,
2252 2533 2518 2617 quando
2566 2534 2652 2599 sic
2692 2533 2791 2598 ait:

492 2637 600 2719 „Si
647 2638 1042 2721 exprobrent
1085 2637 1326 2707 inimici
1360 2638 1470 2722 qui
1516 2638 1836 2704 tribulant
1880 2644 1963 2721 te*
1997 2643 2065 2702 et
2095 2638 2281 2721 nugis
2314 2637 2669 2705 detrahant
2706 2635 2793 2721 qui

485 2741 640 2827 olim
685 2743 974 2825 reputati
1007 2748 1162 2807 sunt
1207 2764 1347 2807 esse
1394 2743 1606 2823 amici,
1654 2750 1721 2809 et
1751 2749 1824 2808 tu
1870 2742 2149 2808 tristicia
2178 2744 2504 2810 movearis
2536 2742 2790 2829 aliquan·
2905 2738 2906 2782 1

486 2845 694 2923 tulum
754 2848 820 2911 in
869 2847 1333 2912 exercitatione
1381 2855 1515 2927 tua,
1564 2855 1751 2932 potes
1796 2847 2305 2914 consolationem
2351 2850 2644 2935 recipere
2686 2847 2793 2913 lau·

487 2952 703 3018 dando
751 2952 942 3018 deum
989 2959 1057 3018 et
1089 2951 1364 3021 dicendo
1411 2954 1730 3038 psalmum
1779 2953 1846 3018 in
1893 2953 2116 3019 ordine
2166 2953 2307 3019 54.“

661 3057 844 3122 Auch
891 3057 1284 3124 Athanasius
1345 3060 1515 3125 habe
1581 3059 2037 3143 verfolgungen
2093 3082 2171 3126 zu
2233 3059 2526 3127 erleiden
2570 3058 2795 3145 gehabt,

487 3162 584 3227 sei
630 3161 790 3227 aber
836 3162 1006 3227 dann
1037 3169 1324 3247 gerettet
1369 3165 1667 3245 worden;
1712 3168 1898 3249 moge
1947 3185 2020 3230 so
2051 3165 2220 3229 auch
2260 3166 2417 3247 ihm,
2466 3167 2632 3233 nach
2659 3165 2794 3229 vier-

483 3267 796 3353 jahrigem
842 3267 1074 3349 leiden,
1122 3268 1226 3333 die
1274 3292 1352 3335 zu
1397 3269 2050 3336 wissenschaftlicher
2105 3269 2321 3335 arbeit
2349 3271 2615 3356 niithige
2657 3268 2790 3335 ruhe

483 3371 812 3439 verliehen
863 3373 1137 3438 werden.
1230 3374 1639 3459 Stutgardiae‚
1689 3375 1857 3460 prid.
1903 3376 1997 3444 Id.
2046 3372 2321 3441 Sextiles
2367 3396 2429 3441 a.
2484 3380 2666 3441 1515.

663 3481 984 3543 Gedruckt:
1013 3483 1460 3544 :Athanasius
1490 3486 1551 3543 in
1581 3484 1792 3545 librum
1821 3487 2178 3559 psalmorum
2216 3486 2383 3545 1515
2420 3487 2566 3561 (vgl.
2596 3481 2788 3545 Reuch-
2898 3460 2900 3477 ²

492 3588 574 3647 lin
605 3604 652 3647 s.
689 3590 794 3663 97,
841 3605 890 3647 z.
923 3588 1005 3649 th.
1040 3587 1134 3648 bei
1165 3589 1426 3664 Bocking
1457 3591 1644 3665 suppl.
1676 3590 1723 3665 1,
1778 3594 1900 3650 179
1932 3590 2063 3667 fg.).

1518 3772 1790 3840 CCXVI.

625 3859 775 3909 Rom.
2301 3865 2370 3914 25
2409 3864 2551 3931 Aug.
2600 3862 2731 3913 1515.

933 3930 1260 4030 Petrejus
1295 3929 1835 4033 Aprobacchus
1872 3960 1973 4008 an
2006 3934 2375 4009 Beuchlin

475 4050 592 4117 hat
680 4053 806 4117 den
875 4053 1114 4137 anfang
1181 4054 1296 4119 des
1359 4055 1826 4139 galatinischen
1894 4056 2178 4122 divinum
2234 4078 2397 4142 opus
2431 4056 2459 4096 ⁸
2522 4052 2782 4143 geschen-

1642 4185 1677 4222 *

625 4279 644 4321 1
678 4274 729 4322 S.
756 4288 805 4323 ο.
834 4278 862 4321 7
889 4272 1037 4321 Mai-z
1071 4272 1220 4333 1506,
1247 4287 1288 4321 s.
1315 4274 1401 4335 92,
1425 4288 1472 4323 a.
1502 4277 1550 4324 4.
1626 4278 1655 4324 2
1684 4274 1842 4340 Folgt
1868 4273 1961 4324 das
1982 4274 2222 4341 Speierer
2242 4274 2405 4337 edikt,
2431 4291 2476 4325 s.
2504 4290 2553 4323 ο.
2582 4274 2643 4323 29
2660 4270 2779 4319 Mart

479 4359 632 4408 1514.
709 4362 738 4408 3
768 4360 1008 4410 Gemeint
1035 4361 1104 4409 ist
1123 4359 1364 4409 Galatins
1388 4376 1520 4427 opus
1545 4361 1608 4411 de
1628 4363 1836 4413 arcanis
1856 4362 2132 4413 catholica
2147 4363 2398 4413 veritatis.
2426 4357 2690 4429 Aperbach
2706 4356 2780 4405 hat

437 4444 750 4509 ·jedenfails
775 4447 866 4494 das
905 4461 1056 4495 mser.
1098 4446 1188 4495 des
1217 4447 1418 4499 werkes
1443 4449 1693 4513 geschen,
1732 4450 1866 4500 deun
1896 4450 2139 4509 dasselbe
2171 4450 2342 4501 wurde
2368 4456 2476 4499 erst
2498 4464 2579 4499 am
2604 4451 2633 4495 4
2656 4445 2774 4507 Sept·

475 4534 610 4581 1516
649 4532 929 4597 vollendet,
969 4532 1067 4581 wie
1109 4547 1205 4587 aus
1242 4536 1385 4588 einer
1412 4538 1555 4591 notiz
1592 4554 1674 4594 am
1711 4538 1844 4591 ende
1883 4538 1975 4595 des
2008 4538 2233 4597 druckes
2270 4536 2544 4597 desselben
2588 4534 2777 4588 hervet·
