2950 5042
1531 387 1662 452 312

414 579 595 648 nicht
639 599 713 646 so
772 579 887 658 sei,
945 579 1063 645 wie
1125 598 1276 646 man
1339 582 1648 644 erwartet
1707 577 1897 644 habe.
1943 539 2178 643 Kaiser
2221 571 2624 642 Maximilian
2669 574 2755 641 sei

416 685 765 772 gestorben
802 686 855 765 ¹;
902 681 1229 750 vielleicht
1257 681 1471 749 werde
1505 682 1608 748 ein
1657 679 2195 768 tba'tltriiftigerer
2215 686 2442 766 regent
2487 678 2757 766 gewablt

420 789 697 858 werden.
791 788 971 870 Vale,
1016 788 1183 874 prid.
1230 786 1318 853 id.
1364 787 1552 854 Febr.
1605 794 1794 856 1519.

594 916 919 976 Handsehr.
957 935 1040 973 =
1072 915 1228 976 Berl
1264 931 1455 989 mser„
1498 914 1599 974 fol.
1650 919 1760 988 365
1811 915 2117 991 gedruckt:
2155 935 2239 968 =
2277 917 2306 972 1
2361 910 2756 986 Friedlander,

412 1024 677 1097 beitrage
722 1039 767 1081 s.
821 1023 932 1095 863
984 1025 1138 1080 2...
1056 1038 1139 1056 ··-
1168 1019 1446 1096 making,
1496 1037 1676 1098 opera
1723 1021 1962 1082 Hutteni
2019 1018 2066 1094 1,
2114 1036 2162 1080 s.
2215 1019 2340 1080 458
2387 1018 2469 1094 fg.

1394 1344 1788 1415 cccxxix
2315 1443 2324 1451 ο

564 1455 834 1521 stuttgart.
2243 1457 2304 1504 12
2342 1449 2501 1504 Febr.
2547 1452 2699 1504 1⁶19.

806 1557 858 1632 J
861 1581 1138 1632 oannes
1192 1553 1564 1633 Reuchlin
1619 1585 1718 1632 an
1772 1559 1986 1632 Peter
2043 1555 2376 1634 Galatin.

596 1749 650 1814 Ο
697 1768 835 1812 rem
866 1748 1202 1827 miseram,
1267 1770 1305 1817 ο
1352 1745 1812 1814 detrimentum
1853 1746 2274 1833 insperatum,
2321 1769 2360 1812 o
2395 1745 2749 1814 frustatum
2854 1734 2860 1740 ’
2934 1742 2935 1764 *

420 1851 785 1920 consilium!
851 1853 1016 1920 Nam
1063 1855 1236 1941 quod
1282 1877 1323 1920 a
1369 1875 1471 1920 me
1505 1853 1904 1938 requerebas
1942 1854 2080 1938 jam
2127 1852 2385 1919 effectui
2433 1851 2755 1931 dederam,

412 1960 551 2044 jam
597 1957 803 2025 literae
852 1958 1127 2028 Caesaris
1162 1961 1188 2000 ²
1235 1960 1581 2046 diligenter
1626 1967 1694 2026 et
1739 1981 1857 2045 pro
1905 1967 2018 2026 tuo
2067 1965 2216 2024 voto
2263 1957 2597 2043 expeditae
2640 1957 2750 2024 fue-

420 2069 571 2128 rant
615 2069 682 2129 et
726 2063 987 2131 Romam
1035 2088 1259 2133 versus
1306 2067 1536 2146 missae,
1584 2071 1658 2132 ut
1704 2086 1900 2150 quam
1945 2064 2222 2130 maxime
2255 2084 2604 2150 sperarem
2649 2063 2758 2128 mei

425 2169 698 2252 gratiam
746 2169 813 2234 in
861 2177 927 2236 te
974 2191 1099 2236 non
1135 2171 1522 2237 illiberalem
1569 2191 1672 2236 me
1721 2170 2092 2250 collocasse,
2141 2172 2252 2256 qui
2281 2175 2418 2236 tam
2465 2175 2763 2255 prompto

423 2279 662 2339 conatu
708 2275 923 2340 omnia
968 2282 1085 2342 tua
1131 2277 1557 2358 confeceram,
1608 2275 1905 2342 laetabar
1951 2297 2069 2360 ego
2118 2297 2372 2360 qnoque
2423 2276 2524 2341 tui
2573 2296 2767 2342 causa

422 2379 585 2445 miro
632 2380 901 2464 gaudi03
946 2387 1083 2448 tum
1135 2405 1283 2448 ecce
1334 2383 1552 2448 subito
1600 2382 2036 2461 renunciatur,
2085 2381 2258 2468 quod
2301 2379 2766 2446 invictissimus

421 2486 785 2569 Imperator
830 2507 1037 2572 nuper
1080 2489 1498 2573 impugnante
1546 2495 1782 2554 natura
1833 2494 2044 2555 morte
2099 2488 2308 2553 victus
2366 2487 2768 2553 occubuerit.

416 2591 650 2676 Itaque
697 2592 995 2658 dolebam
1040 2595 1361 2660 infelicem
1409 2615 1650 2673 casum,
1684 2594 1856 2678 quod
1903 2615 2006 2658 me
2051 2614 2178 2658 non
2224 2593 2432 2658 multo
2479 2599 2643 2658 ante
2691 2592 2768 2658 de

420 2701 537 2763 tua
604 2697 935 2765 voluntate
994 2701 1338 2766 certiorem
1400 2698 1781 2780 reddideris,
1850 2720 1978 2785 quo
2041 2705 2336 2783 tempore
2391 2719 2540 2763 cum
2615 2698 2773 2783 Spe-

422 2803 636 2868 rantio
670 2803 698 2844 ⁸
742 2811 964 2871 nostro
1013 2805 1363 2872 tractabas.
1422 2805 1552 2871 Sed
1597 2805 1847 2871 confide
1895 2805 2149 2892 asylum
2193 2825 2409 2870 meum
2457 2803 2772 2870 Galatiae

428 2906 807 2994 redemptor
852 2916 919 2976 et
962 2917 1297 2996 protector
1342 2912 1433 2978 mi
1494 2919 1584 2979 tu.
1672 2911 1912 2978 Omnes
1979 2910 2236 2996 imperii
2285 2910 2608 2976 electores
2653 2911 2772 2976 mi-

425 3011 603 3082 rifice
647 3037 753 3080 me
782 3022 1025 3082 ‚amant
1070 3023 1138 3082 et
1182 3017 1543 3084 incredibili
1593 3016 1936 3083 clementia
1991 3022 2492 3102 prosequuntur.
2537 3016 2774 3084 Electo

423 3118 621 3205 igitur
665 3127 782 3188 aut
812 3120 1173 3189 Germaniae
1208 3125 1379 3209 Rege
1412 3131 1530 3192 aut
1561 3125 1999 3190 Romanorum
2038 3123 2443 3208 Imperatore
2490 3142 2622 3188 non
2655 3143 2774 3188 ero

425 3227 761 3293 immemor
807 3228 924 3308 tui,
969 3228 1108 3313 ipse
1156 3235 1410 3296 tantum
1459 3230 1714 3311 doceas,
1763 3251 1890 3317 quo
1937 3229 2060 3296 tibi
2104 3249 2330 3294 rursus
2378 3227 2572 3295 modo
2619 3249 2774 3314 pro-

426 3329 614 3398 desse
661 3337 908 3416 potero.

605 3435 826 3504 Dankt
856 3439 1064 3519 dafur,
1115 3439 1266 3508 dass
1298 3439 1560 3508 Galatiu
1593 3441 1782 3508 sechs
1814 3439 2059 3508 biicher
2091 3461 2290 3526 gegen
2325 3437 2774 3507 Hoehstraten

424 3542 843 3627 geschrieben
892 3544 1058 3612 habe
1092 3547 1122 3584 ⁴
1169 3545 1298 3613 und
1348 3546 1547 3614 bittet
1589 3547 1722 3628 ihn,
1769 3548 1904 3614 sein
1954 3547 2126 3613 werk
2175 3546 2256 3612 de
2289 3545 2550 3613 areanis
2597 3546 2773 3612 auch

386 3651 587 3732 ‘nach
637 3652 994 3718 deutschen
1039 3651 1334 3719 markten
1386 3653 1699 3737 gelangen
1748 3675 1826 3718 zu
1873 3654 2106 3720 lassen.
2157 3650 2550 3736 Stutgardiae
2595 3653 2768 3738 prid.

430 3755 513 3822 id.
561 3757 748 3824 Febr.
796 3781 852 3824 a.
910 3763 1097 3826 1519.

597 3883 924 3946 Handscbr.
960 3904 1045 3942 ==
1076 3884 1233 3946 Berl.
1297 3902 1488 3960 mser„
1555 3884 1650 3947 fol.
1717 3889 1832 3959 373
1890 3885 2196 3961 gedruckt:
2233 3907 2318 3940 =
2347 3884 2765 3956 Friedlander,

420 3989 683 4065 beitrage
726 4004 772 4050 s.
808 3991 912 4050 87.
2199 4022 2210 4026 -

1573 4119 1608 4157 *

504 4257 509 4266 ·
574 4250 589 4294 1
645 4249 705 4296 12
743 4245 870 4298 an.'
912 4247 1062 4299 ¹519.
1208 4252 1239 4298 2
1278 4249 1370 4300 ch
1408 4248 1572 4300 tbeile
1607 4248 1752 4300 disse
1791 4247 1942 4300 stelle
1982 4249 2051 4300 im
2092 4247 2334 4299 wortlnut
2369 4247 2491 4309 mit,
2546 4261 2636 4298 um
2675 4263 2764 4298 sn-

422 4332 579 4384 deren
618 4335 953 4401 gelegenbeit
1001 4353 1065 4386 zu
1104 4337 1291 4404 geben,
1330 4339 1416 4389 die
1462 4339 1579 4388 hier
1615 4338 1996 4404 angedeuteten
2037 4336 2348 4387 tbatsnchen
2399 4335 2548 4387 recht
2581 4351 2648 4386 nn
2687 4353 2766 4386 er·

418 4423 653 4488 laeter-113
711 4425 809 4473 mir
860 4425 929 4474 ist
982 4441 1037 4474 es
1077 4425 1245 4476 leider
1280 4426 1426 4476 nicht
1463 4428 1746 4494 gelu-ngen.
1896 4429 1926 4476 3
1965 4425 2243 4477 Sebastian
2284 4424 2506 4492 Sprens,
2545 4441 2587 4475 s.
2623 4423 2760 4475 oben

420 4523 531 4561 nro.
567 4509 717 4559 CLX.
868 4518 897 4560 4
938 4512 1055 4578 Vgl.
1096 4511 1193 4564 den
1236 4514 1517 4581 folgenden
1553 4515 1704 4568 brief.
