2950 5042
1544 405 1631 468 40

426 604 653 677 torem,
684 603 818 662 tam
849 597 1229 663 monachica
1275 595 1818 662 carthusiensium
1850 596 1985 660 vita
2026 616 2219 679 quam
2253 595 2535 662 editione
2568 593 2755 660 libro-

426 726 568 770 rum
614 704 946 787 insignem,
1009 710 1207 786 atque
1254 702 1535 785 primum
1583 701 1766 786 cujus
1811 701 2036 766 ferulae
2080 722 2311 766 manus
2358 699 2755 766 subdiderim

425 809 497 900 in
550 808 1070 873 exercitamentis
1132 806 1621 872 humanioribus
1682 805 2135 870 instituendus.
2229 806 2415 872 Addo
2477 809 2497 844 ¹
2546 805 2755 870 adhuc

429 919 496 977 et
540 914 878 996 utriusque
931 913 1099 996 juris
1147 910 1692 975 consultissimum
1744 916 1811 974 et
1855 910 2263 994 politioribus
2300 911 2521 976 ‘literis
2574 931 2759 976 orna-

427 1019 746 1084 tissimum
799 1019 1002 1082 virum
1048 1017 1317 1100 antiqua
1345 1016 1502 1079 mihi
1535 1015 1943 1080 observatum
1980 1017 2266 1081 amicitia
2305 1016 2761 1082 Sebastianum

426 1125 633 1188 Brant
703 1123 1233 1206 Argentinensem
1309 1127 1376 1185 et
1443 1121 1599 1184 item
1660 1120 1913 1203 ingenio
1978 1127 2395 1204 praestantem
2460 1127 2527 1186 et
2596 1120 2760 1186 miro

429 1228 878 1293 characterum
943 1225 1219 1292 artificio
1275 1224 1555 1291 nobilem
1625 1246 1701 1290 ac
1758 1225 1951 1290 variis
2009 1227 2365 1311 disciplinis
2434 1225 2761 1292 eruditum

430 1335 746 1416 ‚Ioannem
813 1330 1350 1397 Amorbacchium
1400 1331 1442 1409 ²,
1503 1336 1813 1415 utrosque
1860 1330 1925 1395 in
1972 1331 2300 1396 hominum
2362 1331 2765 1398 doctissimo-

431 1460 574 1503 rum
599 1437 895 1502 literaria
921 1435 1255 1519 republica
1280 1435 1691 1514 clarissimOS,
1747 1441 1819 1500 ut
1845 1438 2093 1501 nescias
2125 1437 2381 1502 famaue
2415 1443 2766 1520 gestorum,

431 1565 515 1607 an
563 1542 823 1607 civitate
871 1543 1274 1608 illustriores.
1371 1539 1533 1606 Sunt
1580 1541 1745 1604 enim
1778 1561 1901 1604 non
1937 1542 2242 1606 mediocri
2278 1542 2546 1606 Basileae
2595 1542 2766 1608 inter

433 1669 715 1713 summos
761 1649 933 1713 cives
967 1649 992 1686 ³
1021 1647 1231 1713 laude.
1311 1647 1665 1710 Tantorum
1713 1647 1909 1729 igitur
1950 1647 2231 1712 virorum
2272 1654 2487 1713 motus
2518 1647 2768 1731 ingenti

433 1753 740 1818 amiciciae
773 1752 1052 1833 vinculo,
1102 1759 1320 1817 tantas
1367 1772 1564 1815 ausus
1612 1753 1749 1815 s'um
1800 1751 2105 1816 tenebras
2159 1759 2391 1818 ettam
2424 1753 2771 1820 obfuscata

437 1865 840 1924 sacratorum
905 1859 1099 1922 immo
1165 1861 1562 1922 secretorum
1630 1854 1971 1921 verborum
2000 1851 2313 1922 ‘latibula
2378 1858 2632 1941 ingredi
2706 1865 2771 1925 et

438 1963 624 2047 quasi
671 1963 749 2027 de
798 1964 1007 2046 adytis
1056 1961 1464 2027 oraculorum
1513 1967 1580 2025 et
1610 1961 2061 2028 vetustissimae
2093 1962 2511 2048 philosophiae
2542 1972 2772 2049 penet-

439 2067 717 2133 tralibus
751 2087 1070 2151 exponere
1117 2072 1340 2132 nostro
1385 2066 1637 2145 saeculo,
1687 2073 1997 2150 quantum
2046 2068 2229 2132 nobis
2275 2070 2586 2134 memoria
2618 2091 2773 2154 sup-

436 2174 632 2258 petit,
681 2173 982 2238 universa
1015 2170 1215 2236 ferme
1265 2172 1539 2251 nomina,
1587 2171 1821 2255 quibus
1854 2174 2168 2255 superiori
2213 2178 2405 2253 aeta-te
2436 2174 2773 2257 sapientes

437 2279 726 2344 homines
774 2285 840 2344 et
884 2276 1286 2342 miraculosis
1333 2278 1819 2360 operationibus
1864 2277 2120 2361 praediti
2160 2265 2513 2345 utebantur
2553 2279 2621 2344 in
2670 2302 2775 2346 sa-

437 2384 592 2463 cris,
661 2371 792 2449 sive
847 2384 1269 2468 pythagorica
1313 2383 1553 2447 fuerint
1620 2390 1688 2448 et
1750 2385 2175 2449 vetustiorum
2233 2383 2772 2469 philosophorum

440 2495 849 2554 sacramenta
895 2489 1014 2554 sivi
1043 2488 1466 2554 Hebraeorum
1500 2487 2077 2572 Chaldaeorumque
2126 2487 2409 2555 barbara
2452 2511 2775 2556 memora-

439 2594 604 2673 cula,
651 2615 766 2660 seu
810 2594 1328 2660 Christianorum
1375 2595 1608 2660 devota
1655 2595 1973 2679 supplicia
2018 2616 2161 2678 quae
2208 2593 2287 2660 de
2334 2595 2593 2661 illorum
2647 2596 2774 2661 lib-

439 2701 530 2765 ris
576 2705 774 2784 atque
821 2700 1054 2785 linguis
1099 2702 1166 2764 in
1212 2701 1334 2765 hoc
1381 2721 1576 2782 opere
1636 2707 1938 2783 prompta
1994 2721 2258 2766 cernere
2312 2699 2484 2766 licet.
2576 2701 2773 2779 Quod

441 2807 672 2872 icciros
703 2807 944 2871 nomini
975 2813 1087 2871 tuo
1137 2804 1593 2884 dedicavimus,
1643 2805 1944 2888 quoniam
1992 2827 2179 2872 sacra
2210 2806 2411 2872 sacris
2444 2805 2774 2870 debentur

444 2917 509 2976 et
553 2912 830 2976 maxime
896 2911 1259 2977 sacerdotia
1306 2910 1713 2976 sacerdotum
1761 2911 2181 2994 principibus,
2228 2911 2406 2996 quali
2450 2917 2521 2976 tu
2564 2911 2775 2996 digni-

444 3022 580 3082 tate
651 3017 904 3082 caeteris
970 3022 1292 3096 antestaS,
1353 3037 1477 3081 non
1543 3016 1748 3082 solum
1795 3015 1877 3081 ob
1935 3016 2440 3100 magnitudinem
2502 3016 2775 3082 ditionis

443 3129 644 3206 atque
675 3122 1005 3206 potentiae,
1054 3122 1237 3206 cujus
1270 3128 1340 3185 tu
1373 3119 1945 3187 cummulatissime
1977 3121 2155 3187 dives
2189 3144 2276 3201 eS,
2310 3143 2527 3187 verum
2568 3123 2777 3188 etiam

443 3232 714 3310 propter
758 3226 1270 3292 inennarabilem
1318 3227 1643 3292 variarum
1678 3227 2013 3293 literarum
2060 3227 2379 3311 peritiam,
2428 3228 2613 3312 cujus
2643 3234 2779 3294 tes·

444 3333 531 3398 tis
579 3338 681 3398 est
724 3331 1123 3398 bibliotheca
1168 3333 1198 3372 ⁴
1241 3332 1358 3397 illa
1402 3338 1535 3411 tua,
1583 3332 1821 3412 latinis,
1868 3334 2095 3416 graecis
2130 3339 2197 3398 et
2226 3332 2549 3400 hebraicis
2596 3334 2779 3402 volu-

1602 3509 1637 3547 ’l‘

443 3617 587 3666 Mara
621 3619 794 3683 1473),
833 3616 986 3666 wirkt
1013 3617 1090 3666 als
1117 3617 1358 3683 prediger
1382 3617 1434 3665 in
1465 3616 1618 3666 Basel
1646 3617 1729 3666 bis
1759 3617 1905 3676 1478,
1946 3617 2062 3665 eine
2086 3617 2248 3666 kun-ze
2280 3618 2381 3666 zeit
2407 3617 2486 3666 als
2511 3617 2782 3683 professor

443 3704 534 3754 der
571 3704 838 3772 theologie
874 3705 927 3754 in
954 3704 1254 3771 Tiibingen,
1291 3705 1371 3756 als
1396 3703 1639 3770 prediger
1676 3705 1728 3753 in
1769 3705 1902 3754 Bern
1940 3704 2024 3754 bis
2054 3706 2204 3764 1484,
2244 3704 2297 3753 in
2326 3704 2478 3755 anel
2506 3705 2591 3754 bis
2624 3707 2781 3766 1487,

442 3793 582 3843 zieht
606 3793 718 3844 sich
748 3793 885 3844 dann
911 3794 966 3842 in
1000 3794 1085 3843 ein
1120 3794 1318 3843 kloster
1352 3792 1552 3842 zuriick
1590 3792 1695 3842 und
1732 3793 1873 3842 star-b
1910 3807 1991 3840 am
2024 3795 2081 3840 12
2112 3792 2259 3841 Mara
2288 3793 2437 3841 1496.
2501 3791 2571 3840 Er
2595 3793 2666 3843 ist
2691 3794 2780 3842 ein

443 3881 795 3933 bedentender
831 3897 1015 3944 mann,
1064 3881 1156 3932 der
1194 3882 1308 3932 sich
1347 3880 1552 3932 iiber-all
1588 3881 1666 3932 als
1705 3880 1947 3946 prediger
1982 3878 2090 3929 und
2128 3880 2298 3930 lehi-er
2330 3895 2514 3946 grosse
2552 3878 2781 3947 geltung

443 3985 507 4019 zu
546 3969 869 4021 verschaffen
909 3977 1117 4034 wusste,
1155 3970 1260 4020 und
1301 3971 1453 4020 einen
1492 3969 1864 4034 nachhaltigen
1904 3969 2119 4017 einfluss
2158 3971 2251 4016 aus
2282 3969 2427 4017 scine
2466 3983 2637 4034 ganze
2678 3971 2783 4020 zeit

443 4056 606 4122 geiibt
642 4057 747 4107 hat.
825 4057 944 4122 Vgl.
985 4058 1065 4107 W.
1109 4057 1348 4121 Viseher,
1398 4058 1577 4124 gesch.
1618 4058 1707 4108 der
1746 4059 2059 4107 univer-sitiit
2099 4054 2271 4106 Basel.
2351 4059 2501 4106 1860.
2580 4057 2633 4106 S.
2682 4060 2777 4108 157

448 4146 530 4195 bis
574 4147 689 4195 165.

593 4241 614 4282 1
656 4233 846 4284 addam
875 4238 920 4283 2.
950 4237 997 4284 3.
1099 4241 1127 4284 2
1169 4219 1310 4285 [lber
1350 4235 1559 4286 Amerb.
1600 4235 1709 4300 vgl.
1750 4246 1906 4285 unten
1947 4249 2053 4283 nro.
2077 4233 2412 4295 XCV1,iiber
2437 4233 2601 4283 Brant
2642 4234 2781 4286 oben

445 4337 558 4371 nro.
599 4322 784 4372 XLIV.
911 4326 940 4372 3
982 4325 1129 4374 ciues
1168 4340 1250 4374 am
1290 4324 1420 4375 rand
1465 4329 1511 4374 l.
1645 4331 1676 4373 4
1720 4322 2060 4373 bibliotheca.
2120 4322 2258 4370 Dass
2296 4321 2440 4370 diese
2478 4321 2779 4372 bibliothek

445 4410 847 4475 hauptsachlieh
885 4412 981 4462 mit
1006 4411 1238 4462 beihiilfe
1265 4412 1552 4478 Agrikolas
1589 4412 1880 4478 gegriindet
1908 4411 2013 4460 und
2041 4427 2139 4459 von
2166 4409 2424 4459 Reuclnlin
2463 4409 2549 4459 bei
2578 4412 2781 4460 seInem

444 4498 772 4550 aurenthalte
811 4501 864 4549 in
909 4499 1230 4568 Heidelberg
1273 4500 1541 4550 verwaltet
1582 4501 1780 4562 wurde,
1818 4501 1887 4549 ist
1922 4499 2175 4552 bekannt.
2743 4489 2748 4495 ’
