2950 5042
1259 408 1420 477 ·-265

229 580 486 663 actutum
545 597 625 665 de
681 618 760 665 ea
821 620 893 665 rc
954 600 1300 669 certiorem
1359 599 1599 667 reddas
1617 650 1632 681 ‚
1712 596 2037 686 quatenus
2100 578 2200 667 tui
2258 574 2524 667 honoris

227 702 578 771 defendendi
623 706 962 771 materiam
1007 705 1284 773 habeam
1329 704 1455 772 fide
1513 706 1789 791 dignam.
1880 702 2163 773 Veniunt
2226 705 2395 771 enim
2441 702 2529 772 ad

225 830 324 875 nos
365 809 468 895 qui
523 810 620 875 tui
674 811 952 877 nominis
1013 818 1082 879 et
1125 812 1390 879 honoris
1444 812 1687 879 inimici
1750 812 2034 879 existant
2100 811 2413 896 capitales
2459 815 2529 879 et

224 914 318 1000 qui
357 936 453 980 me
482 915 904 983 Reuchlinum
937 939 1082 1003 quae
1128 939 1272 985 mea
1319 918 1525 1003 gloria
1572 925 1673 984 est
1721 917 2002 983 maxima
2046 916 2401 1003 appellent,
2448 936 2527 983 eo

223 1019 374 1105 quod
416 1021 512 1087 tui
556 1022 832 1089 nominis
891 1044 1102 1108 praeco
1150 1024 1424 1090 existam
1471 1022 1703 1091 fidelis.
1796 1023 1933 1090 Illis
1952 1073 1969 1104 ,
2026 1024 2321 1108 inquam,
2368 1020 2529 1107 obji-

222 1125 364 1191 ciam
406 1126 647 1213 scripta
693 1129 957 1195 veritati
1003 1150 1286 1219 consona
1329 1131 1394 1195 in
1443 1138 1627 1197 tuam
1671 1127 1933 1197 laudem
1978 1127 2345 1209 maximam,
2389 1127 2531 1195 illo-

219 1252 342 1300 rum
393 1237 611 1299 autem
678 1234 1119 1301 confusionem
1163 1235 1575 1323 praecipuam.
1691 1234 2015 1301 Caeterum
2086 1233 2374 1316 memini,
2424 1254 2529 1302 me

219 1359 362 1403 anno
406 1338 597 1425 hujus
653 1339 872 1407 saeculi
925 1340 1223 1409 undecim
1280 1341 1647 1427 postulasse
1695 1362 1736 1407 a
1792 1346 1861 1407 te
1918 1339 2531 1426 interpretationem

219 1442 493 1512 dictionis
550 1444 1204 1531 Semhammaphoras
1232 1446 1287 1527 ¹,
1355 1454 1430 1513 tu
1494 1468 1649 1513 vero
1706 1444 1791 1511 ad
1847 1444 1979 1512 alia
2039 1446 2180 1532 ejus
2240 1445 2529 1531 epistolae

217 1550 469 1633 pleniter
535 1550 800 1638 quidem
865 1552 1282 1637 respondisti,
1345 1552 1555 1619 solum
1602 1552 1723 1619 hac
1770 1551 2001 1619 vocula
2069 1573 2263 1637 quam
2310 1558 2533 1619 tamen

217 1655 467 1723 maxime
515 1658 800 1723 omnium
849 1656 1119 1725 enodari
1165 1658 1509 1743 cupiebam
1555 1656 1814 1724 silentio
1870 1663 2065 1723 tecta.
2156 1657 2418 1745 Itaque,
2464 1657 2521 1725 si

216 1781 300 1827 me
341 1782 536 1843 amas,
586 1764 726 1849 ejus
772 1763 1072 1830 dictionis
1119 1764 1584 1831 derivationem
1628 1768 1697 1830 et
1724 1763 2327 1849 interpretationem
2373 1762 2531 1831 mihi

215 1867 561 1935 conscribas
619 1883 868 1953 precor.
962 1868 1103 1935 Non
1169 1869 1289 1937 abs
1344 1891 1416 1936 re
1481 1868 1549 1935 id
1604 1876 1757 1954 peto
1778 1920 1795 1951 ‚
1857 1876 2009 1937 sunt
2068 1869 2236 1939 enim
2297 1869 2407 1957 qui
2464 1870 2534 1937 in

214 1974 513 2059 mysteriis
563 1995 644 2041 ea
689 1974 919 2041 vocula
977 1980 1250 2042 utantur
1302 1982 1615 2061 tanquam
1662 1974 2031 2043 sacerrima.
2124 1974 2287 2042 Vale
2332 1975 2529 2043 foelix.

295 2104 299 2109 '
366 2099 774 2161 Handschrift:
808 2101 930 2161 Nic.
949 2101 1276 2177 Ellenbogii
1306 2098 1606 2163 literarum
1638 2102 1772 2163 libri
1788 2102 1890 2178 IX,
1924 2118 2089 2163 mscr.
2114 2120 2159 2162 e.
2186 2117 2240 2163 o.
2261 2101 2361 2165 fol.
2392 2102 2529 2165 265.

447 2324 456 2331 ·
1164 2302 1571 2371 CCXXXIII.

335 2391 515 2444 zwon.
2236 2392 2396 2457 (1516
2419 2394 2467 2463 ν)

722 2463 1067 2539 Gerhard
1123 2464 1430 2539 Listrius
1486 2492 1582 2539 an
1639 2464 2003 2541 Reuchlin

211 2608 426 2677 driickt
483 2611 610 2677 mit
667 2610 792 2679 den
858 2610 1292 2679 lebhaftesten
1353 2619 1597 2679 worten
1670 2612 1847 2679 seine
1916 2612 2369 2697 begeisterung
2428 2610 2539 2679 fiir

209 2715 502 2783 Reuchliu
551 2739 691 2797 aus,
738 2718 926 2785 theilt
972 2719 1118 2798 mit,
1167 2718 1319 2785 dass
1370 2717 1769 2784 Pfefferkorn
1817 2738 1962 2783 cum
2029 2737 2158 2801 quo
2204 2736 2375 2801 saepe
2421 2722 2536 2784 tuo

209 2823 444 2889 nomine
494 2824 656 2889 mihi
698 2824 977 2891 Coloniae
1027 2846 1130 2889 res
1179 2830 1322 2889 erat
1368 2824 1511 2889 eine
1559 2843 1723 2890 neue
1773 2821 2083 2889 deutsche
2116 2821 2537 2891 streitsehrift

207 2947 391 3012 gegen
437 2930 511 2995 R.
579 2929 712 2995 und
772 2929 898 2995 alle
961 2928 1292 3013 gelehrten
1341 2929 1630 2995 erlassen
1676 2927 1844 2995 habe
1880 2930 1904 2967 ²
1967 2928 2097 2995 und
2146 2927 2361 3009 bittet,
2408 2928 2536 2995 den

207 3032 624 3119 iiberbringer
669 3034 784 3101 des
834 3034 1070 3101 briefe's
1130 3042 1245 3119 gut
1301 3034 1792 3102 aufzunehmen.
1884 3034 2125 3102 Griisse
2173 3057 2257 3102 an
2304 3032 2535 3101 Busch.

208 3137 368 3207 Vale.
462 3140 719 3209 Suollae.

369 3249 701 3313 Gedruckt:
737 3251 792 3311 J.
829 3268 880 3311 ν.
915 3266 966 3311 e.
1002 3250 1056 3311 A
1089 3247 1163 3311 3b
1196 3249 1274 3326 fg.

1172 3452 1567 3520 CCXXXIV.

334 3540 576 3593 nondun.
2194 3540 2415 3607 omer)
2440 3538 2465 3577 ³

447 3632 503 3707 J
505 3658 784 3706 oannes
837 3630 1198 3705 Roffensis
1254 3630 1642 3732 episcopus
1677 3629 1711 3679 4
1766 3654 1863 3702 an
1918 3626 2283 3703 Reuchlin

207 3774 535 3858 bedauert‚
583 3778 734 3845 dass
781 3779 918 3845 sein
950 3778 1126 3845 brief
1147 3800 1231 3845 au
1261 3778 1372 3843 ihu
1403 3777 1699 3847 verloren
1734 3760 2059 3863 gegangen
2090 3775 2203 3856 sei,
2248 3773 2541 3843 wiinscht

1343 3908 1380 3946 *

344 4001 365 4047 1
415 3998 469 4049 S.
509 3997 644 4049 oben
675 4001 740 4048 29
773 4000 907 4064 Aug.
947 4000 1095 4059 1511,
1123 4012 1234 4048 nro.
1262 3996 1500 4048 CXXVI.
1651 4002 1679 4047 2
1708 3996 1951 4047 Gemcint
1975 3996 2044 4045 ist
2070 3992 2424 4044 Pfefferkorns
2450 3992 2541 4043 be·
2572 4004 2577 4009 ·

205 4083 524 4152 schyrmuug
567 4089 729 4149 15163
756 4088 862 4153 vgl.
891 4086 1149 4136 Reuchlin
1189 4101 1230 4135 s.
1262 4088 1379 4148 378,
1419 4102 1465 4135 a.
1494 4090 1523 4137 2
1564 4084 1670 4135 und
1714 4087 1810 4135 381
1850 4085 1905 4135 ff.
2050 4085 2080 4132 3
2124 4080 2239 4147 vgl.
2281 4080 2379 4131 den
2404 4080 2549 4132 brief

206 4170 291 4223 des
325 4174 576 4225 Erasmus
615 4175 750 4225 oben
792 4190 902 4225 nro.
943 4174 1229 4225 CCXXVI.
1375 4179 1408 4224 4
1444 4174 1569 4224 Joh.
1608 4172 1847 4241 Fischer]
1884 4171 1983 4221 wie
2020 4170 2143 4221 sehr
2182 4168 2401 4219 Fischer
2436 4166 2540 4219 den

207 4258 460 4313 Reucblin
512 4262 783 4326 verehrte,
837 4262 1039 4313 erzahlt
1080 4262 1359 4312 Erasmus:
1413 4276 1547 4328 pene
1596 4259 1869 4327 deperibat
1918 4260 1972 4308 in
2026 4258 2377 4325 Capnionem,
2431 4262 2542 4307 tam

209 4350 480 4415 magnifice
521 4352 585 4402 de
635 4352 732 4402 illo
772 4354 1030 4412 sentiens,
1081 4358 1140 4400 ut
1189 4366 1271 4400 me
1317 4366 1424 4416 prae
1469 4348 1567 4401 illo
1604 4350 1801 4415 putarit
1841 4347 1977 4397 nihil
2017 4348 2182 4407 scire,
2215 4346 2540 4412 captaritque

209 4440 532 4490 occasionem
583 4439 938 4504 relinquenda
977 4440 1286 4499 Britannia,
1334 4446 1392 4489 ut
1435 4454 1555 4489 cum
1595 4437 1864 4505 Capnione
1916 4434 2063 4487 velut
2116 4434 2329 4485 oraculo
2370 4448 2541 4485 rerum

213 4526 437 4583 omnium
472 4528 857 4587 reconditarum
892 4528 1063 4605 possit
1101 4526 1349 4601 colloqui.
1423 4527 1630 4585 Erasmi
1670 4527 1905 4602 Spongia
1940 4523 2193 4579 adversus
2230 4522 2538 4598 aspergines
