2950 5042
1228 395 1359 464 285

128 577 365 649 audent
409 581 713 650 ementiri
756 584 977 652 nescio
1044 603 1176 672 quo
1234 607 1341 652 me
1400 587 1582 672 pasci
1641 609 1684 653 a
1729 585 1999 656 «ludaeis
2043 609 2237 670 auro,
2307 585 2486 675 quod

125 695 373 756 tantum
420 689 615 756 abest
668 711 711 756 a
754 691 1035 758 veritate
1088 699 1405 777 quantum
1462 692 1820 760 mendaces
1864 692 1994 779 ipsi
2039 717 2082 762 a
2124 693 2478 780 probitate.

250 833 257 840 ·
295 795 429 862 Sed
474 802 747 880 expecto
794 797 1124 864 dominum
1172 803 1239 864 et
1286 797 1566 866 viriliter
1612 819 1752 884 agO,
1799 797 1906 866 hic
1957 799 2296 886 disperdet
2339 801 2480 870 uni-

127 920 307 966 versa
350 900 531 967 labia
578 901 823 970 dolosa.
903 903 1045 971 Hoc
1090 904 1441 988 aspirante,
1491 905 1616 972 hoc
1661 905 1954 988 docente,
1998 905 2252 992 linguas
2297 905 2478 976 disco

131 1007 315 1072 etiam
362 1029 563 1073 senex
604 1007 803 1093 idque
835 1009 1133 1094 cupidius
1179 1029 1258 1076 eo
1304 1007 1482 1095 quod
1529 1009 1710 1078 nulla
1741 1031 2010 1096 prorsus
2037 1011 2280 1096 ingenii
2325 1017 2480 1081 sunt

137 1111 396 1178 humani
441 1115 663 1180 munia
722 1115 1231 1200 interpretandae
1275 1137 1502 1182 sacros
1523 1121 1734 1183 anctoe
1777 1116 1904 1202 legi
1941 1123 2076 1184 tam
2109 1118 2482 1186 necessaria

134 1239 324 1302 quam
372 1226 475 1286 est
520 1218 889 1304 linguarum
934 1222 1187 1306 peritia.
1294 1221 1548 1300 Quodsi
1619 1221 1798 1304 libet,
1857 1223 2219 1308 periculum
2274 1223 2478 1292 facito

137 1325 539 1409 scriptorum,
588 1326 877 1394 ecclesioe
896 1377 912 1408 ‚
960 1328 1213 1395 visurus
1260 1327 1421 1412 qnid
1464 1329 1638 1396 inter
1683 1329 1932 1413 peritos
1979 1329 2350 1414 linguarum
2391 1349 2472 1398 ac

134 1437 433 1515 expertes
476 1433 871 1518 interpretes
929 1433 1205 1500 intersit.
1304 1434 1391 1500 Et
1432 1433 1693 1519 quidem
1739 1426 1826 1512 δις
1857 1426 1960 1500 διὰ
1995 1446 2224 1503 πασῶν.
2313 1435 2476 1506 Mihi

130 1543 351 1604 autem
404 1538 474 1603 in
518 1538 733 1605 animo
778 1559 903 1605 non
954 1544 1057 1606 est
1100 1540 1166 1604 in
1226 1540 1576 1624 praesentia
1637 1561 1784 1608 cum
1829 1561 2158 1628 quoquam
2205 1541 2476 1628 digladi-

128 1644 249 1724 ari,
297 1643 546 1729 alioqui
608 1651 675 1710 et
718 1644 1225 1712 reclamantibus
1270 1651 1592 1730 quantum
1654 1647 1948 1712 oratione
1997 1652 2278 1732 pottem,
2353 1667 2474 1716 ora

127 1749 557 1816 retunderem.
665 1750 722 1816 N
726 1773 799 1816 ec
856 1752 1027 1818 enim
1086 1749 1253 1817 levia
1308 1757 1459 1817 sunt
1512 1773 1658 1837 qnae
1717 1753 2148 1836 grammatica
2193 1754 2474 1840 cognitio

129 1855 425 1939 pasturit.
536 1857 605 1922 Is
682 1862 785 1922 est
859 1858 1052 1941 plane
1127 1877 1317 1923 verus
1378 1863 1447 1923 et
1502 1879 1847 1942 germanus
1928 1859 2272 1944 scriptnrae
2331 1881 2476 1926 sen-

128 1983 253 2043 sns,
324 1973 523 2046 quem
582 1964 803 2029 nativa
878 1963 1057 2030 verbi
1122 1963 1432 2049 cujusque
1477 1964 1848 2048 proprietas
1929 1965 2244 2051 expedita
2305 1965 2476 2034 solet

131 2067 405 2152 aperire,
462 2073 538 2132 ut
584 2069 967 2152 praeteream
1030 2066 1290 2134 interim
1340 2076 1664 2154 quantum
1703 2070 1914 2155 possis
1965 2071 2192 2140 venari
2235 2077 2474 2158 myste-

131 2173 365 2240 riorum
412 2195 540 2239 non
588 2193 623 2240 e
671 2171 883 2237 verbis
915 2172 1107 2238 modo
1141 2172 1256 2238 sed
1288 2174 1585 2258 apicibus
1616 2197 1782 2260 pene
1821 2175 2106 2261 singulis,
2154 2177 2208 2243 si
2235 2176 2472 2261 spiritu

126 2279 433 2362 magistro
494 2277 813 2346 adoriare.
904 2276 981 2343 Id
1041 2280 1144 2346 vel
1208 2280 1486 2345 maxime
1555 2301 1779 2347 verum
1845 2287 1946 2349 est
1995 2281 2078 2348 de
2125 2282 2468 2367 scripturis

129 2384 449 2451 hebraicis
507 2385 743 2470 quibus
774 2405 977 2468 prope
1020 2385 1182 2450 nihil
1224 2391 1326 2452 est
1355 2385 1672 2452 traditum
1719 2386 1896 2472 quod
1941 2408 2070 2453 non
2099 2386 2466 2457 umbraculi

126 2491 252 2556 vice
300 2491 587 2576 spiritali
632 2491 1121 2557 commendetur
1140 2491 1600 2575 intelligentiae.
1647 2493 1986 2559 Diviniora
2031 2492 2200 2561 enim
2247 2513 2377 2560 non
2407 2515 2465 2560 e.

126 2597 280 2662 rubo
314 2619 435 2682 per
462 2597 791 2680 angelum,
840 2597 955 2662 sed
1002 2617 1083 2662 ex
1111 2596 1369 2664 homine
1415 2619 1537 2680 per
1581 2598 1772 2664 deum
1803 2597 2174 2682 accepimus
2205 2606 2276 2666 et
2316 2619 2468 2683 par·

128 2703 247 2768 vuli
278 2701 525 2769 clarius
556 2723 751 2788 quam
782 2708 1005 2787 patres
1038 2705 1244 2770 nostri
1275 2702 1586 2788 mysteria
1615 2703 1803 2787 regni
1845 2702 1952 2770 de'i
2003 2704 2465 2789 cognoscimus.

124 2807 362 2875 Tamen
405 2809 503 2874 ita
547 2830 689 2874 sese
736 2807 936 2873 habet
980 2809 1263 2875 conditio
1296 2814 1686 2889 nostrorum,
1731 2815 1808 2874 ut
1854 2829 1982 2876 non
2015 2809 2206 2878 modo
2251 2811 2454 2896 pluri-

121 2935 290 2980 mum
358 2913 751 2999 adjumenti,
806 2914 1043 2980 veteris
1097 2913 1319 2999 figurae
1375 2915 1756 2980 testamenti
1815 2915 1902 2982 ad
1955 2915 2339 3001 explicanda
2385 2937 2468 2986 ea

120 3021 475 3102 conferant,
523 3020 638 3086 sed
695 3020 895 3086 etiam
947 3020 1257 3105 neglectis
1304 3019 1482 3086 hisce
1543 3024 1948 3113 σκιαγραφίαις
2007 3020 2191 3088 adire
2235 3027 2466 3092 nostra

119 3145 421 3209 prorsum
476 3132 824 3211 nequeant,
916 3126 1075 3192 Haec
1136 3126 1319 3192 cordi
1376 3126 1638 3207 sedent,
1708 3127 1852 3194 haec
1897 3128 2268 3210 admonent,
2323 3127 2462 3196 haec

117 3233 387 3316 agitant,
422 3238 497 3296 ut
528 3231 807 3297 Hebraea
838 3238 905 3297 et
934 3253 1145 3298 amem
1188 3238 1257 3298 et
1288 3233 1581 3298 excolam
1625 3233 2044 3300 nihilominus
2073 3234 2174 3300 his
2203 3234 2468 3335 interim

123 3339 404 3420 agitatus
447 3337 654 3404 malis.
727 3339 959 3404 Manca
1003 3338 1159 3403 mihi
1204 3346 1430 3405 nostra
1474 3338 1622 3405 vide
1637 3344 1792 3404 ntur
1835 3339 1962 3405 nisi
2007 3340 2130 3407 hoc
2175 3342 2472 3410 studium.

121 3462 327 3510 meum
375 3443 563 3509 bonis
608 3444 903 3510 omnibus
933 3443 1290 3527 adprobem
1334 3444 1403 3510 id
1450 3443 1624 3529 quod
1645 3445 1932 3512 arbitror
1979 3467 2120 3512 esse
2168 3444 2459 3514 liberalis

112 3551 307 3616 animi
326 3556 797 3634 argumentum,
814 3556 1012 3636 atque
1030 3550 1194 3616 adeo
1214 3549 1396 3616 vobis
1409 3550 1692 3634 primum
1705 3549 2032 3616 eccelesiae
2046 3551 2464 3636 principibus.

287 3656 370 3722 Id
416 3655 484 3720 in
530 3675 763 3722 caussa
794 3663 911 3737 est,
946 3678 1063 3722 cur
1092 3655 1293 3721 ferme
1326 3655 1542 3720 omnia
1585 3677 1734 3722 mea
1779 3677 2152 3741 quanquam
2183 3656 2458 3726 hominis

104 3761 436 3848 prophani
467 3763 673 3829 solum
699 3763 1059 3829 addixerim
1082 3763 1161 3828 iis
1178 3762 1288 3846 qui
1312 3762 1517 3828 sacris
1533 3761 1773 3827 initiati
1793 3770 1974 3828 sunt:
2011 3761 2323 3830 Cabalam
2343 3764 2464 3832 Ju-‘

105 3867 315 3939 daicae
333 3869 545 3954 gentis
562 3854 999 3935 ‘remotissima
1020 3874 1293 3950 secreta,
1326 3889 1576 3934 summo
1597 3868 1882 3935 ecclesiae
1897 3868 2173 3956 principi
2189 3869 2399 3937 dicavi
2413 3873 2464 3955 ¹,

1276 4000 1309 4036 ’Β

254 4094 281 4140 1
329 4087 607 4160 Cabalam]
634 4087 721 4138 die
748 4087 1017 4156 widmung
1046 4105 1115 4142 an
1146 4089 1252 4144 Leo
1280 4090 1331 4139 X
1356 4105 1477 4140 vom
1499 4085 1648 4140 Mara
1671 4093 1822 4153 1517,
1840 4108 1883 4142 s.
1902 4107 1947 4140 o.
1967 4105 2074 4142 nro·
2093 4088 2462 4144 ccxxxvm

99 4176 185 4228 die
215 4177 317 4228 des
343 4178 544 4228 buches
573 4194 691 4228 vom
720 4176 1175 4244 wanderthatigen
1204 4186 1335 4230 wort
1360 4197 1427 4230 an
1456 4178 1579 4228 Joh.
1609 4194 1710 4230 von
1741 4178 1980 4245 Dalburg
2007 4179 2042 4229 i.
2059 4179 2102 4244 j.
2136 4181 2286 4243 1494,
2323 4179 2461 4233 oben

98 4281 214 4317 nro.
245 4265 437 4316 XLVI.
507 4265 827 4316 Athanasius
854 4266 1141 4332 erklarung
1168 4267 1259 4318 der
1283 4265 1518 4334 psalmon
1559 4282 1624 4316 an
1650 4267 2030 4332 Questenberg,
2066 4272 2128 4318 12
2158 4268 2295 4334 Aug.
2328 4271 2464 4320 1515

100 4355 239 4406 oben
280 4372 398 4406 nro.
440 4353 653 4417 CCXV,
708 4353 793 4403 die
842 4352 934 4405 der
980 4355 1277 4406 rudimenta
1314 4355 1566 4408 hebraica
1613 4371 1681 4405 an
1720 4357 1900 4406 seinen
1937 4353 2131 4406 bruder
2167 4356 2464 4423 Dionysius

97 4458 221 4493 vom
264 4449 297 4494 7
338 4444 487 4494 Mara
532 4445 685 4506 1606,
734 4442 867 4492 oben
925 4459 1035 4494 nro.
1076 4444 1291 4494 LXLIV
1347 4445 1452 4495 und
1493 4445 1578 4495 die
1619 4444 1711 4494 der
1753 4445 2108 4512 ubersetzung
2149 4445 2240 4496 der
2278 4446 2463 4498 sieben

96 4529 453 4602 busspsalmen
494 4549 561 4584 an
597 4531 775 4584 Jakob
820 4534 1045 4599 Lempus
1084 4549 1201 4584 vom
1247 4539 1265 4584 1
1312 4535 1646 4602 Aug—1512,
1685 4532 1820 4586 oben
1863 4550 1975 4586 nro.
2015 4533 2147 4590 CLI.
