2950 5042
1585 365 1718 432 314

473 557 687 628 seinos
729 556 1003 625 handels
1048 557 1168 624 mit
1212 555 1339 624 den
1384 554 1700 624 monchen
1745 557 1876 625 und
1925 557 2114 639 bitte,
2168 556 2280 623 ihu
2323 557 2389 624 in
2431 551 2763 624 demsclben

474 687 619 734 zum
664 664 1001 732 endlichen
1049 665 1222 748 siege
1268 685 1347 730 zu
1394 661 1722 732 verhelfen
1745 667 1784 730 ¹.

651 791 977 884 Gedruckt:
1010 809 1095 850 π
1126 788 1473 850 Athanasius
1535 789 1606 850 de
1665 791 1842 850 variis
1901 789 2314 866 quaestionibus
2367 786 2766 866 (beschrsibung
2899 820 2901 944 1

473 900 566 964 bei
597 899 858 972 Boc-king
889 897 1100 972 suppl„
1133 895 1243 955 vol.
1278 895 1352 954 11.
1386 911 1431 954 s.
1474 893 1627 972 103)
1683 898 1871 971 1519,
1915 896 1970 956 A
2004 901 2039 956 2
2076 896 2164 956 bis
2197 892 2312 970 Cb3
2365 901 2400 956 2
2438 916 2516 948 =
2546 895 2768 970 Bocking
2899 945 2901 980 ÷

478 1005 691 1080 suppl„
736 1004 849 1064 vol.
898 1002 976 1076 11,
1024 1018 1074 1063 s.
1126 1003 1251 1062 789
1299 996 1391 1063 bis
1440 1003 1587 1065 795.
2899 981 2901 1086 l

1437 1229 1858 1297 CCLXXXII.

619 1322 892 1384 stuttgart.
2312 1321 2378 1370 29
2419 1317 2544 1368 suni
2587 1319 2712 1368 1519.

472 1409 524 1485 J
527 1435 803 1484 oannes
892 1405 1259 1482 Reuchlin
1332 1408 1770 1484 Phorcensis
1842 1407 1992 1483 LL.
2093 1407 2374 1482 Doctor
2460 1404 2767 1482 Michaeli

762 1529 1376 1630 Hummelbergio
1431 1532 2076 1634 Ravenspurgensi
2131 1528 2207 1606 S.
2268 1530 2357 1605 D.
2423 1531 2502 1604 P.

648 1680 747 1746 Ex
802 1679 1073 1746 summis
1127 1678 1660 1763 occupationibus
1707 1670 2000 1764 ereptam
2060 1676 2256 1744 crede
2301 1676 2489 1756 hanc,
2535 1681 2768 1762 quantu-

468 1785 790 1872 lacunque
837 1792 957 1864 est,
1004 1785 1347 1870 epistolam
1392 1805 1623 1851 meam.
1671 1785 1774 1850 Ita
1819 1784 2076 1852 devicta
2123 1782 2340 1870 patria
2387 1789 2679 1868 tanquam
2715 1779 2761 1844 vi

469 1891 744 1959 deamur
772 1891 960 1957 nobis
991 1891 1058 1956 in
1110 1890 1239 1957 alio
1286 1891 1526 1957 mundo
1558 1889 1824 1975 degere:
1870 1891 2113 1958 indices
2157 1889 2759 1981 πολυπραγμονέστεροι

469 2017 708 2077 sumus,
756 1996 867 2082 qui
924 1995 1235 2062 timemus
1294 1995 1663 2062 Cadmaeam
1712 1997 2048 2062 victoriam
2082 2046 2097 2063 .
2129 2046 2144 2062 .
2179 2047 2195 2061 .
2231 1996 2254 2035 ²
2303 1995 2590 2074 Accedit,
2632 1989 2757 2079 quod

467 2101 680 2168 adhuc
724 2102 927 2168 libros
982 2101 1329 2168 electiores
1409 2102 1475 2166 in
1544 2110 1786 2169 terram
1851 2101 2124 2168 suffosos
2185 2123 2395 2182 serv0,
2462 2101 2676 2186 quibus
2711 2098 2758 2161 in

468 2207 842 2274 libertatem
888 2208 1141 2292 alioqui
1190 2207 1518 2274 vindicare
1565 2228 1823 2292 possem
1891 2209 2232 2275 molestum
2295 2209 2596 2274 animum.
2635 2203 2764 2270 Nam

472 2336 619 2381 cum
681 2315 866 2380 initio
923 2313 1079 2378 belli
1139 2312 1586 2394 formidarem,
1645 2315 1864 2378 omnia
1932 2313 2230 2380 incendio
2293 2315 2492 2394 tradi,
2551 2319 2671 2378 tum
2713 2309 2762 2371 in

474 2441 803 2486 carcerem
850 2419 1096 2504 conjeci
1143 2419 1484 2484 dilectiora
1533 2419 1879 2502 volumina,
1927 2427 1995 2485 et
2041 2419 2324 2498 occului,
2377 2439 2640 2505 quorum
2677 2413 2766 2482 mi·

475 2526 747 2594 nisterio
792 2525 1129 2612 hucusque
1174 2546 1385 2591 careo.
1452 2525 1672 2602 Quare
1719 2525 1878 2591 nihil
1925 2526 2005 2590 de
2052 2547 2155 2592 me
2201 2547 2447 2610 speres,
2492 2518 2775 2592 Hummel-
2905 2512 2907 2614 Α

470 2632 713 2718 bergie,
778 2632 979 2698 musis
1044 2631 1332 2716 dignum.
1429 2631 1692 2698 Fuimus
1748 2629 1978 2697 Troes!
2049 2633 2188 2698 Imo
2253 2623 2454 2698 habui
2518 2625 2774 2696 Chreme!

469 2737 728 2806 Literas
773 2741 923 2804 tuas
968 2734 1447 2821 christophoro
1495 2737 1738 2803 Baroni
1771 2736 1798 2775 ³
1843 2759 1962 2822 pro
2008 2742 2123 2803 tuo
2160 2739 2351 2822 jussu
2387 2734 2650 2812 ostendi,
2689 2729 2774 2817 qui

470 2851 540 2910 et
584 2850 649 2910 te
698 2850 898 2923 amat,
958 2849 1027 2908 et
1087 2863 1191 2908 me
1237 2842 1467 2926 diligit,
1533 2843 1688 2927 quin
1733 2843 1954 2927 potius
2019 2863 2122 2908 me
2168 2849 2244 2909 ut
2289 2864 2509 2909 senem
2554 2857 2777 2906 venera-

470 2955 607 3030 tur3
672 2947 873 3014 habet
932 2968 1155 3014 omnes
1215 2948 1510 3029 virtutes,
1569 2969 1732 3035 quas
1791 2947 1871 3013 de
1937 2949 2066 3014 ino·
2113 2948 2454 3034 praedicas,
2499 2953 2566 3014 et
2606 2942 2776 3012 multo

468 3053 707 3142 plures.
821 3053 982 3119 Cum
1052 3053 1445 3120 Athanasius
1512 3075 1696 3121 meus
1764 3053 1844 3120 de
1921 3055 2117 3120 variis
2191 3054 2646 3141 quaestionibus
2687 3049 2712 3089 ⁴
2747 3068 2773 3110 e

467 3159 668 3247 praelo
705 3158 1096 3244 jampridem
1144 3160 1408 3226 exiisset
1452 3159 1577 3226 feci
1616 3161 1777 3246 ejus
1823 3161 2076 3246 copiam
2122 3160 2220 3226 illi
2265 3161 2470 3228 nobili
2516 3166 2580 3226 et
2621 3176 2776 3244 gene·

466 3287 620 3332 roso
692 3264 1161 3349 christophoro
1210 3264 1724 3350 Svarcembergii
1799 3267 2073 3333 Domino
2143 3267 2407 3352 praesidi
2465 3264 2768 3352 provinciae

468 3370 743 3438 ducatus
788 3368 1397 3454 wirtember-gensis
1444 3392 1590 3436 cum
1639 3371 1758 3438 hoc
1805 3372 2211 3440 hexasticho:

717 3477 864 3526 Scire
906 3484 1072 3542 potes,
1110 3483 1217 3526 toto
1254 3475 1379 3541 quid
1419 3477 1522 3526 feci
1563 3493 1740 3527 mense
1782 3479 1964 3544 priori,

830 3564 883 3612 Si
922 3565 1127 3630 relegas
1167 3565 1343 3628 istum,
1384 3579 1539 3629 quem
1576 3565 1673 3615 tibi
1713 3567 1881 3628 mitto,
1920 3566 2129 3616 librum.

1642 3697 1675 3733 t

615 3786 635 3832 1
678 3766 823 3832 i'Jber
847 3781 991 3832 disse
1018 3781 1233 3832 vorrede
1270 3783 1378 3847 vgl.
1405 3782 1664 3834 Reuchliu
1693 3799 1736 3834 s.
1765 3785 1867 3834 856
1909 3783 2000 3848 fg..
2029 3785 2158 3834 iiber
2196 3783 2290 3834 das
2331 3783 2470 3835 werk
2510 3782 2613 3834 das.
2637 3796 2674 3830 s.
2699 3779 2766 3826 97.

466 3873 496 3920 2
536 3869 680 3920 Nach
742 3868 858 3920 dem
915 3871 1037 3920 tode
1086 3871 1446 3922 Maximilians
1497 3888 1607 3924 war
1659 3871 1993 3938 wirtenberg
2057 3889 2162 3922 von
2224 3872 2344 3923 dem
2404 3865 2763 3923 sehwnbisohen

461 3958 793 4010 bundcsheer
828 3959 1189 4025 angegriffen,
1238 3960 1504 4026 stuttgart
1539 3961 1939 4026 eingenommen
1983 3961 2210 4011 worden.
2287 3947 2431 4012 siber
2470 3961 2553 4010 die
2587 3955 2765 4007 schick-

459 4046 571 4098 sale
610 4046 899 4098 Reuchlins
946 4048 999 4097 in
1050 4047 1222 4097 dieser
1278 4049 1381 4098 zeit
1428 4046 1539 4114 agl.
1580 4049 1798 4100 Hutteni
1843 4065 2005 4116 opera
2043 4049 2124 4100 cd.
2165 4050 2410 4116 Booking
2448 4050 2485 4112 1,
2525 4049 2633 4107 25⁷,
2669 4043 2763 4103 ²⁷²2

464 4137 566 4185 2⁷5
608 4134 679 4200 fg.
736 4135 1049 4201 (thatigkeit
1088 4135 1404 4201 Sickiugens
1455 4135 1561 4185 und
1602 4135 1830 4188 Huttens
1877 4137 1962 4187 fiir
1999 4137 2308 4207 Reuchlin);
2353 4137 2480 4188 iiber
2517 4129 2763 4186 Reuehlins

463 4222 629 4273 schon
670 4221 871 4273 damals
910 4221 1245 4290 beginuende
1283 4222 1647 4290 beziehungon
1703 4240 1766 4276 zu
1807 4225 2020 4277 Baiern·
2071 4227 2378 4286 Heumann,
2425 4225 2616 4276 docum.
2649 4218 2760 4268 liter.

465 4309 763 4371 (comment.
817 4313 949 4377 isag
995 4326 1037 4361 s.
1090 4314 1209 4378 101)
1260 4311 1364 4362 und
1410 4311 1664 4364 Scheurls
1713 4313 2022 4375 briefbuch,
2072 4314 2158 4364 ed.
2211 4313 2386 4364 Soden
2436 4311 2540 4363 und
2573 4303 2758 4358 Knaake

461 4395 532 4455 11,
568 4411 611 4448 s.
650 4401 735 4449 89.
883 4402 914 4449 3
949 4398 1141 4449 Christ.
1181 4413 1285 4450 von
1324 4400 1817 4469 schwartzenburg.
1891 4403 2001 4452 Der
2035 4403 2178 4453 briei*
2197 4402 2598 4468 flummelhurgs
2635 4390 2756 4446 nieht

470 4484 727 4538 eth-lton.
876 4490 911 4542 4
946 4483 1293 4564 Athanasius]
1332 4489 1471 4548 oben
1515 4505 1626 4548 nto.
1667 4487 1966 4550 eclam
