2950 5042
1557 393 1682 461 150

442 586 699 672 pliciter
743 584 999 670 roganti
1028 583 1421 669 acquiescat,
1461 582 1796 651 humiliter
1825 583 2126 650 facultati
2170 605 2316 653 cum
2359 584 2772 669 praesentium

443 692 651 758 latore
714 690 1037 755 rescribat
1090 694 1288 774 atque
1347 690 1406 755 ei
1472 688 1650 755 dicta
1707 687 2068 756 submittat.
2159 689 2386 773 Neque
2443 690 2773 773 indignum

442 796 802 863 arbitretur
844 794 1091 873 facere,
1138 791 1312 878 quod
1358 792 1780 873 sanctissimi,
1841 800 2037 879 atque
2087 794 2376 862 ecclesiae
2431 794 2776 861 luminaria

442 900 663 967 facere
694 919 821 965 non
854 898 1185 983 dedignati
1216 902 1387 963 sunt.
1464 896 1636 963 Non
1684 898 1970 963 mirum
2017 899 2081 965 si
2118 900 2434 983 jur-ista
2478 900 2776 966 theolo-

442 1007 669 1091 gicas
724 1026 876 1071 non
922 985 1313 1086 attigerit
1375 1000 1943 1069 subtilitates.
2033 1004 2271 1069 Pareat
2331 1005 2571 1072 iterum
2635 1026 2778 1071 con-

443 1109 748 1176 fidentius
791 1107 1104 1175 scribenti
1149 1106 1447 1173 dominus
1479 1126 1678 1172 meus.
1771 1107 2088 1175 Videbitis
2133 1108 2342 1175 multa
2368 1109 2582 1175 minus
2617 1109 2778 1175 bene

442 1234 703 1291 sonare,
766 1235 909 1298 quae
954 1212 1175 1279 forsan
1212 1210 1463 1295 juristae
1529 1209 1716 1277 valde
1776 1210 1948 1278 bona
2004 1212 2320 1280 videntur.
2411 1212 2577 1280 Sunt
2635 1214 2772 1281 reli-

444 1319 609 1404 giosi
672 1323 742 1384 et
798 1317 1126 1384 seculares
1199 1315 1311 1401 qui
1370 1335 1592 1382 omnes
1663 1322 2010 1399 expectant
2073 1318 2463 1384 sententiam
2541 1326 2776 1387 nostrae

443 1422 798 1493 facultatis.
889 1422 976 1488 Et
1022 1426 1335 1506 quantum
1380 1440 1498 1503 ego
1543 1418 1887 1487 advertere
1933 1442 2224 1506 possum,
2283 1442 2508 1490 omnes
2561 1425 2779 1509 parati

444 1532 596 1594 sunt
640 1526 952 1595 adversus
998 1547 1111 1593 vos
1155 1527 1508 1607 insurgere.
1583 1523 1651 1591 Si
1693 1529 1915 1591 autem
1959 1548 2078 1611 per
2098 1527 2412 1611 judicium
2444 1528 2778 1595 facultatis

444 1639 684 1699 nostrae
744 1631 1030 1700 absoluti
1088 1628 1371 1709 fueritis,
1434 1648 1622 1693 nemo
1679 1630 1806 1695 erit
1861 1632 1972 1717 qui
2032 1630 2507 1699 condemnabit.
2634 1634 2776 1701 Dat.

447 1737 731 1804 Coloniae
776 1737 845 1803 in
891 1740 1121 1801 octava
1164 1735 1606 1801 Innocentum.
1655 1735 1841 1801 Anno
1893 1741 2080 1801 1512.

625 1844 947 1907 Gedruckt:
986 1850 1015 1903 1
1056 1864 1142 1897 =
1171 1845 1228 1903 J.
1262 1859 1316 1901 v.
1348 1858 1399 1901 e.
1435 1861 1491 1917 q.
1527 1846 1584 1902 2.
1655 1846 1713 1903 2.
1750 1863 1832 1901 =
1864 1844 2096 1903 Bulaeus
2126 1846 2164 1905 l.
2198 1863 2247 1905 c.
2283 1846 2366 1905 VI
2395 1865 2454 1921 p.
2495 1847 2597 1907 54.

1452 2026 1763 2093 CXXXV.

588 2118 888 2183 Tiibingen.
1432 2165 1437 2170 ,
2240 2122 2270 2166 4
2307 2117 2512 2169 Januar
2557 2121 2712 2171 1512.

438 2166 1064 2280 Praestantissimo,
1106 2215 1179 2307 et
1226 2204 1662 2304 peritissimo
1718 2202 2142 2279 literatoriae
2193 2207 2370 2280 artis
2424 2208 2773 2307 magistro

438 2328 511 2402 d.
553 2328 605 2403 J
608 2327 834 2401 oanni
866 2325 1409 2401 Amorbacchio
1465 2328 1616 2403 civi
1645 2326 2055 2423 Basiliensi‚
2101 2328 2338 2403 amico
2376 2356 2510 2404 suo
2551 2357 2772 2431 quam

724 2447 1411 2557 observandissimo.
1528 2448 1609 2553 [J
1611 2477 1676 2524 o.
1719 2448 2112 2551 Reuchlin]
2152 2449 2225 2526 S.
2267 2452 2356 2525 D.
2397 2452 2482 2529 P.

617 2579 782 2659 Quia
826 2600 896 2645 es
942 2554 1224 2644 omnium
1268 2577 1608 2644 literarum
1663 2586 1916 2646 amator
1961 2582 2346 2663 acerrimus,
2406 2604 2535 2651 non
2593 2586 2770 2669 potui

437 2683 857 2770 praesentium
908 2684 1247 2764 ostensori,
1303 2682 1362 2748 d.
1406 2684 1719 2751 Matthaeo
1760 2683 2048 2751 Adriano
2092 2686 2404 2771 Hispane,
2446 2690 2771 2757 medicinae

433 2789 686 2855 doctori
722 2790 763 2868 ¹,
810 2787 1135 2854 Basileam
1180 2788 1377 2869 eunti,
1423 2790 1582 2854 nihil
1628 2790 1713 2855 ad
1759 2796 1825 2855 te
1885 2790 2224 2856 literarum
2280 2792 2456 2859 dare.
2550 2795 2796 2875 Quare.

434 2894 547 2981 qui
593 2893 763 2961 soles
809 2893 1137 2959 variarum
1181 2892 1520 2959 literarum
1575 2900 2010 2979 praeceptores
2056 2895 2375 2963 honorare
2395 2948 2412 2979 ,
2487 2920 2604 2967 oro
2651 2921 2769 2966 non

434 2999 633 3064 etiam
691 2996 862 3062 hunc
918 2994 1409 3081 praetermittas,
1475 3020 1605 3084 quo
1663 3000 1730 3065 in
1796 2999 2014 3085 lingua
2071 3000 2379 3067 hebraica
2439 3024 2764 3090 nunquam

434 3104 503 3167 in
568 3100 949 3166 Alemannia
1015 3099 1371 3167 doctiorem
1435 3108 1742 3186 expertus
1811 3126 1970 3171 sum.
2089 3106 2332 3172 Audies
2401 3108 2640 3190 virum,
2707 3114 2769 3174 et

434 3205 739 3291 placebit,
786 3188 920 3271 sive
969 3202 1273 3271 hebraice
1321 3206 1736 3295 scribendum
1783 3210 1868 3275 sit
1912 3210 2045 3275 sive
2093 3232 2350 3296 quoque
2412 3212 2757 3280 chaldaice.

438 3307 835 3376 Commenda
881 3330 1027 3373 eum
1074 3307 1281 3376 doctis
1340 3316 1407 3376 et
1452 3311 1728 3381 hebraeae
1791 3315 2022 3400 linguae
2090 3315 2458 3385 faventibus
2519 3325 2588 3385 et
2634 3341 2760 3385 rem

436 3413 596 3481 mihi
651 3418 903 3499 gratam
958 3413 1209 3481 feceris.
1303 3416 1482 3482 Vale.
1576 3418 1675 3483 Ex
1733 3420 2086 3505 Tuwingen
2145 3421 2356 3505 pridie
2393 3444 2631 3491 -nonas
2673 3425 2762 3509 ja-

437 3512 704 3588 'nuarias
752 3540 919 3585 anno
975 3524 1163 3585 1512.

1433 3627 1536 3695 Jo.
1587 3628 1896 3695 Reuchlin
1943 3629 2328 3697 Phorcensis
2371 3633 2500 3699 LL.
2549 3632 2677 3699 doc.

609 3732 758 3795 Aus:
776 3732 979 3794 Basler
1002 3734 1511 3797 universitatsbibl.
1529 3738 1829 3798 handschr.
1867 3738 1917 3798 G
1939 3738 1996 3797 Π
2017 3743 2134 3799 13a
2162 3757 2290 3801 nro.
2315 3744 2398 3801 67
2430 3742 2749 3817 autograph.

1432 3908 1775 3977 CXXXVI.
2451 3933 2456 3939 ·

578 3993 925 4046 ottoheuren.
2276 4004 2338 4051 12
2379 4001 2504 4053 σω.
2549 4004 2687 4053 1512.
2795 4055 2802 4061 ,

546 4081 804 4157 Frater
857 4082 930 4155 N
932 4082 1211 4159 icolaus
1266 4083 1646 4185 Ellenbog
1699 4085 1751 4160 J
1753 4087 1980 4161 oanni
2035 4086 2408 4190 Capnioni
2461 4118 2516 4165 S.
2574 4090 2638 4164 d.

614 4228 909 4296 Redditae
970 4238 1124 4299 sunt
1172 4233 1330 4299 mihi
1378 4233 1624 4302 dudum
1683 4235 1889 4313 literae
1949 4242 2078 4302 tuae
2097 4238 2140 4317 ²,
2219 4239 2319 4305 vir
2381 4239 2742 4316 doctissime,

578 4411 599 4454 1
642 4391 788 4456 fiber
815 4406 1079 4458 Adrianus
1102 4409 1209 4475 vgl.
1238 4411 1469 4463 studium
1498 4353 1760 4463 derzebr.
1786 4429 1889 4479 spr.
1918 4428 1961 4463 s.
1990 4416 2220 4466 41—48.
2249 4418 2366 4468 134.
2465 4422 2494 4469 2
2533 4420 2596 4468 30
2618 4416 2736 4481 Sept.

438 4494 571 4541 1511
613 4493 749 4545 oben
787 4510 903 4546 nro.
943 4495 1209 4546 CXXVII.
