2950 5042
1326 375 1455 442 323

1241 680 1539 748 coxon.

360 769 681 835 lugolstadt.
2035 774 2094 818 12
2139 767 2286 835 Apri!
2332 769 2484 819 1520.

222 857 272 931 J
273 857 497 932 ohan.
556 858 930 934 Reuchlin
984 856 1444 954 Phorcensis,
1505 857 1653 932 LL.
1697 859 1992 953 Doctor,
2048 857 2102 932 J
2104 855 2385 932 ohanni
2423 853 2552 931 Se-

512 982 727 1078 ceri0,
787 981 1226 1076 Lauchensi,
1286 981 1526 1056 amico
1581 1007 1886 1084 syncero
1943 1007 1997 1054 s.
2058 979 2129 1054 d.
2188 1008 2260 1080 p.

402 1128 573 1212 Opto
623 1133 689 1194 te
738 1127 1021 1212 gaudere
1068 1149 1145 1194 ac
1191 1149 1334 1194 esse
1368 1128 1634 1208 salvum,
1681 1127 1886 1192 amice
1934 1127 2216 1192 omnium
2254 1125 2410 1192 mihi
2440 1123 2553 1191 de·

220 1232 725 1316 syderatissime,
773 1255 974 1318 supra
1019 1255 1215 1318 quam
1262 1235 1480 1300 Oresti
1528 1232 1821 1318 Pylades,
1873 1233 2127 1299 Secerie
2175 1233 2262 1297 mi
2305 1231 2542 1310 anime,

223 1360 415 1423 quam
474 1345 689 1406 tecum
756 1339 988 1405 vellem
1035 1339 1359 1420 habitare,
1424 1340 1758 1404 convivere
1820 1339 2116 1424 colloqui.
2211 1339 2314 1404 Me
2375 1357 2542 1404 nunc

224 1443 451 1523 ferres,
498 1443 803 1524 arbitror,
850 1451 1109 1510 mortua
1139 1464 1341 1510 uxore
1388 1451 1504 1510 tua
1551 1443 1824 1525 facilius,
1873 1445 2058 1510 frena
2089 1443 2211 1510 tibi
2258 1463 2383 1508 non
2429 1441 2544 1508 im-

220 1569 549 1632 ponerem,
598 1548 928 1616 lasciviam
989 1571 1117 1617 non
1162 1552 1571 1634 corrigerem,
1639 1550 1809 1616 alter
1855 1570 2049 1633 apum
2096 1569 2212 1614 rex
2257 1567 2546 1614 carerem

223 1654 395 1718 omni
444 1653 689 1735 aculeo,
738 1655 944 1721 dulcis
976 1656 1096 1722 tibi
1144 1664 1211 1722 et
1241 1655 1519 1723 blandus
1553 1677 1780 1735 essem,
1825 1654 2084 1740 quando
2130 1653 2354 1720 liberae
2401 1673 2549 1719 con-

222 1759 488 1826 ditionis
526 1763 549 1798 ¹
594 1781 672 1826 ac
719 1767 870 1827 tuus
928 1762 1209 1828 evasisti.
1302 1759 1430 1826 Sed
1495 1761 1620 1827 heu
1685 1761 1806 1827 ohe
1862 1761 2151 1839 Bacenae,
2207 1779 2284 1824 ac
2323 1760 2548 1843 jugum

220 1864 615 1949 harcyninm‚
663 1865 924 1932 Rhenus
971 1872 1039 1932 et
1085 1867 1257 1933 Ister
1302 1887 1417 1932 nos
1464 1874 1790 1950 separant.
1871 1866 2172 1950 Magnum
2219 1865 2418 1930 chaos
2461 1863 2560 1928 in-

218 1976 320 2034 ter
367 1976 713 2055 utrunque.
807 1969 1009 2055 Spero
1056 1977 1293 2051 tamen,
1358 1971 1530 2056 quod
1588 1993 1773 2038 amor
1815 1969 1926 2036 ille
1971 1978 2195 2037 noster
2241 1991 2370 2056 quo
2417 1975 2552 2036 tam

220 2074 638 2141 vehementer
701 2075 1031 2161 hucusque
1080 2075 1421 2143 dileximus
1476 2076 1649 2143 inter
1705 2098 1820 2143 nos
1875 2083 2258 2160 permaneat
2299 2075 2556 2159 insepa-

224 2179 478 2246 rabilis.
2139 2167 2154 2178 ‘

403 2285 530 2352 Sed
577 2285 751 2371 quod
798 2286 881 2352 ad
928 2308 1067 2352 rem
1111 2293 1498 2371 praesentem
1553 2287 1807 2354 attinet.
1901 2288 2059 2372 Fugi
2103 2294 2374 2372 pestem,
2419 2286 2562 2371 fugi

224 2389 506 2474 gladium
543 2389 585 2470 2,
634 2397 701 2456 et
748 2393 899 2458 dum
932 2392 1159 2459 caelum
1192 2392 1391 2472 saevit,
1438 2392 1896 2459 elementarius
1929 2413 2126 2458 senex
2171 2393 2396 2458 literas
2429 2392 2558 2458 An-

224 2496 460 2580 glopoli
523 2495 723 2563 doceo
771 2519 893 2562 non
953 2505 1028 2563 ut
1074 2498 1307 2564 Siciliae
1365 2500 1668 2583 princeps
1732 2497 1870 2578 ille,
1920 2520 2109 2583 quem
2155 2498 2372 2582 inopia
2419 2497 2550 2581 egit

225 2601 633 2682 Corinthum,
695 2610 771 2669 ut
831 2604 1051 2688 pueris
1106 2602 1486 2690 quotidiana
1533 2602 1842 2668 mercede
1906 2602 2202 2668 literulas
2250 2601 2559 2668 traderet.

225 2708 359 2791 Ego
409 2709 578 2773 enim
626 2729 744 2774 nec
792 2709 1037 2789 amicis,
1068 2730 1279 2794 neque
1327 2730 1397 2774 re
1428 2708 1755 2788 familiari,
1789 2729 1907 2774 nec
1937 2707 2154 2792 patria
2199 2727 2409 2786 careo,
2440 2705 2557 2772 sed

223 2813 578 2878 amicorum
623 2835 913 2879 meorum
961 2814 1254 2897 catalogo
1320 2813 1385 2878 in
1434 2811 1572 2878 dies
1619 2803 1955 2878 numerum
2001 2811 2319 2878 infinitum
2366 2809 2555 2876 addc.

225 2919 635 2984 Auditorium
704 2919 1009 3003 frequens
1069 2919 1209 2985 colo
1258 2939 1628 3003 exornoque
1687 2917 1980 3001 diligenti
2041 2937 2188 2983 mea
2232 2916 2550 2998 doctrina,

223 3025 500 3090 audiunt
557 3045 661 3090 me
726 3023 1024 3109 discipuli
1092 3047 1295 3110 prope
1356 3023 1812 3109 quadringenti
1858 3022 2146 3108 quotidie
2193 3042 2398 3107 groece
2445 3019 2558 3088 do-

222 3135 477 3195 centem
526 3136 593 3195 et
639 3128 961 3206 hebraice,
994 3151 1113 3196 nec
1160 3151 1361 3214 opera
1392 3151 1538 3194 mea
1571 3129 1759 3210 desit,
1805 3149 1924 3194 nec
1967 3128 2226 3194 illorum
2257 3126 2554 3193 attentio.

222 3237 440 3314 Quare
488 3234 675 3301 mitto
721 3235 984 3302 Thomas
1031 3243 1252 3302 nostro
1284 3235 1780 3319 Xenophontem
1826 3235 1892 3298 in
1939 3234 2148 3300 tribus
2195 3231 2549 3318 opusculis:

221 3342 283 3406 in
351 3340 670 3425 apologia,
728 3342 793 3405 in
850 3340 1148 3424 Agesilao
1214 3348 1281 3406 et
1348 3341 1416 3404 in
1479 3342 1780 3420 Hierone,
1843 3346 1920 3406 ut
1966 3347 2037 3405 tu
2085 3338 2560 3424 quamprimum

221 3445 617 3530 posthabitis
662 3447 858 3512 rebus
905 3447 1199 3513 omnibus
1248 3467 1393 3512 eum
1425 3467 1632 3529 graece
1662 3467 1978 3531 perquam
2025 3444 2369 3528 diligenter
2413 3463 2561 3508 con-

224 3552 447 3618 cinnes
495 3557 563 3617 et
606 3552 886 3636 imprimi
932 3552 1154 3617 facias.

401 3657 548 3722 Erit
607 3657 899 3740 profecto
962 3656 1226 3723 lectioni
1281 3663 1522 3723 nostrae
1589 3656 2145 3723 commodissimus
2205 3651 2563 3738 Xenophon

224 3769 291 3828 et
335 3760 614 3828 multum
646 3762 869 3828 honori
918 3763 1274 3842 conferen8‚
1323 3763 1562 3848 quippe
1594 3762 1899 3828 laudatus
1945 3761 2295 3845 plurimum
2341 3780 2382 3826 a
2427 3757 2564 3825 lau·

224 3867 392 3934 datis
440 3868 613 3933 viria.
706 3867 903 3952 Cujus
952 3889 1164 3934 sermo
1210 3874 1311 3934 est
1356 3867 1465 3933 ille
1516 3868 1774 3953 quidem
1821 3864 2012 3932 melle
2060 3865 2331 3944 dulcior,
2377 3871 2452 3930 ut
2493 3862 2564 3929 in

225 3975 502 4040 Oratore·
550 3996 665 4040 suo
728 3974 813 4040 ad
860 3974 1133 4040 Brutum
1197 3975 1459 4058 scripsit
1507 3974 1732 4040 Cicero
1767 3973 1794 4012 ⁸
1837 3995 1878 4037 a
1911 3971 2359 4056 Xenophontis
2406 3989 2560 4036 voce

228 4079 449 4145 Musas
496 4080 685 4163 quasi
745 4078 1053 4163 loquutas
1116 4079 1353 4146 ferunt.
1446 4080 1542 4146 De
1602 4100 1728 4162 quo
1784 4077 2216 4144 institutionis
2262 4074 2566 4142 oratorioe

225 4184 393 4250 libro
454 4183 703 4250 decimo
764 4185 1199 4264 Quintilianus
1231 4185 1260 4224 4·
1304 4185 1397 4252 sic
1443 4183 1572 4250 ait:
1643 4183 1847 4264 „Quid
1905 4204 2024 4268 ego
2067 4199 2565 4248 commemorem

1332 4313 1367 4353 ²3

373 4409 396 4455 1
440 4395 803 4456 condictionis
838 4409 878 4456 1.
1026 4409 1056 4456 2
1091 4403 1217 4472 vgl.
1246 4404 1379 4456 oben
1409 4419 1519 4456 nro.
1547 4401 1898 4456 CCLXXXV.
2045 4403 2074 4452 3
2103 4401 2219 4454 Lib.
2244 4403 2310 4465 ΙΙ,
2337 4418 2450 4470 cap.
2485 4405 2568 4453 14.

229 4498 259 4543 4
295 4492 417 4546 nn».
456 4493 521 4560 x,
570 4499 611 4558 1,
648 4495 735 4544 82.

1995 4565 2067 4625 21
2099 4565 2130 4598 ³*
