2950 5042
1597 413 1684 483 98

474 628 621 676 cum
672 607 844 675 notis
872 606 1071 672 invito
1104 606 1301 672 etiam
1348 606 1567 672 nescio
1615 624 1742 689 quo
1791 603 1998 671 fratre
2031 603 2314 688 Doringo
2335 606 2376 685 ¹,
2421 603 2584 671 ferre
2613 624 2766 671 coac-

471 718 579 780 tus
614 718 735 779 est.
829 712 956 779 Sed
990 711 1145 795 quid
1191 710 1487 795 pluribus
1519 711 1646 777 erit
1692 706 1910 793 opus?
2000 709 2116 775 Ille
2158 708 2332 775 idem
2365 710 2544 777 divus
2573 710 2767 775 Hiero·

464 838 697 901 nymus
728 817 793 883 in
825 816 1253 883 translatione
1288 834 1405 881 sua
1452 837 1521 881 se
1553 816 1763 899 ipsum
1811 836 2066 883 errasse
2099 815 2362 905 fatetur·
2387 816 2454 881 in
2486 836 2768 881 commen-

469 922 657 989 tariis
690 943 886 1005 super
918 922 1151 987 Isaiam
1194 921 1407 1004 capite
1440 920 1922 1004 undevigesimo
1957 920 1982 959 ²
2034 920 2147 986 ubi
2201 921 2294 985 sic
2339 921 2472 985 ait:
2535 920 2770 999 „Melius

468 1049 619 1093 reor
678 1027 1012 1110 proprium
1076 1046 1363 1091 errorem
1435 1025 1948 1109 reprehendere,
2019 1046 2216 1109 quam
2273 1025 2424 1091 dum
2497 1025 2772 1091 erubesco

467 1132 865 1215 imperitiam
919 1128 1205 1196 confiteri
1266 1130 1331 1193 in
1379 1151 1600 1196 errore
1643 1131 1997 1213 persistere
2045 1132 2111 1195 in
2148 1152 2224 1197 eo
2258 1130 2432 1214 quod
2468 1128 2772 1195 transtuli:

470 1238 557 1303 Et
598 1238 725 1303 erit
770 1243 951 1303 terra
984 1235 1159 1302 Juda
1200 1236 1490 1319 Aegypto
1539 1236 1606 1300 in
1639 1234 2116 1301 festivitatem.“
2218 1234 2482 1301 Possem
2522 1236 2774 1319 alioquin

468 1342 684 1425 plures
730 1342 1024 1425 proferre
1072 1340 1425 1407 versiculos
1480 1347 1548 1405 et
1594 1339 1768 1424 quod
1829 1339 2168 1425 cujusdam
2228 1340 2528 1407 vocabuli
2573 1338 2776 1424 signifi-

472 1452 689 1511 catum
749 1466 953 1529 usque
1018 1445 1207 1511 hodie
1283 1468 1351 1511 se
1416 1447 1716 1529 ignorare
1779 1466 1906 1514 non
1960 1445 2362 1511 verecundiae
2425 1446 2672 1511 duxerit
2721 1444 2774 1509 in

471 1552 513 1619 J
516 1551 757 1617 cremia
803 1551 1015 1635 capite
1048 1557 1232 1617 sexto
1258 1550 1284 1591 ³
1332 1557 1399 1617 et
1446 1551 1620 1635 quod
1665 1551 2036 1634 apostolum
2066 1551 2405 1617 'notaverit
2435 1552 2774 1635 imperitum

472 1658 635 1721 artis
666 1656 1129 1739 grammaticae
1160 1657 1225 1721 in
1276 1655 1556 1739 epistola
1611 1655 1698 1722 ad
1751 1649 2096 1722 He'dibiam
2132 1657 2180 1737 4,
2228 1658 2582 1740 quaestione
2626 1661 2778 1721 ante-

472 1762 831 1848 penultima
892 1768 959 1828 et
1014 1762 1185 1846 quod
1252 1762 1590 1845 scripserit
1653 1761 1952 1829 eumdem
1998 1761 2364 1845 apostolum
2407 1762 2777 1846 psalmorum

473 1868 767 1934 versibus
798 1868 993 1933 aliter
1040 1889 1181 1933 esse
1228 1889 1431 1947 usum,
1491 1890 1684 1952 quam
1745 1868 1812 1933 in
1873 1867 2134 1935 hebraeo
2179 1866 2551 1935 habeantur
2606 1873 2676 1933 ut
2727 1866 2782 1930 in

473 1973 951 2039 commentariis
1018 1973 1151 2037 suis
1208 1994 1402 2056 super
1449 1974 1708 2038 Psalmo
1741 1972 1800 2053 ⁵3
1847 1995 1964 2039 cur
2023 1973 2221 2055 igitur
2277 1973 2344 2037 in
2389 1973 2470 2038 iis
2538 1994 2675 2057 quae
2715 1970 2782 2035 ad

474 2078 949 2161 interpretandi
994 2076 1255 2143 modum
1302 2084 1641 2162 artemque
1685 2079 2175 2161 grammaticam
2223 2084 2290 2145 et
2337 2078 2421 2143 ad
2470 2080 2782 2145 veritatem

474 2182 806 2249 idiomatis
856 2187 1173 2266 spectant,
1220 2204 1321 2247 me
1371 2205 1628 2267 quoque
1661 2206 1790 2249 non
1821 2186 2086 2263 deceret
2116 2186 2180 2249 in
2211 2184 2416 2249 lucem
2451 2186 2781 2269 producere

476 2287 635 2372 quid
691 2310 835 2354 cum
898 2287 1285 2353 doctissimis
1330 2289 1758 2357 Hebraeorum
1819 2291 2126 2357 sentirem
2189 2292 2432 2375 quippe
2494 2292 2584 2357 ad
2647 2309 2784 2373 quos

476 2394 675 2459 etiam
722 2393 949 2459 eodem
1005 2394 1395 2477 Hieronymo
1457 2401 1645 2474 teste,
1706 2395 2202 2479 confugiendum
2235 2403 2365 2463 -est
2421 2397 2676 2481 quoties
2729 2394 2783 2457 in

474 2503 692 2563 vetere
768 2505 1164 2565 testamento
1232 2502 1672 2566 controversia
1744 2509 2055 2568 movetur.
2159 2502 2568 2586 Quamquam
2641 2501 2784 2567 enim

471 2603 931 2687 Hieronymum
976 2612 1275 2671 sanctum
1321 2626 1589 2671 veneror
1639 2613 1714 2672 ut
1771 2607 2068 2690 angelum
2117 2613 2184 2673 et
2227 2607 2467 2691 Lyram
2535 2607 2671 2674 colo
2726 2610 2786 2669 ut

470 2708 870 2792 magistrum,
917 2715 1137 2781 tamen
1180 2709 1383 2777 adoro
1430 2711 1772 2777 veritatem
1820 2718 1895 2779 ut
1941 2712 2149 2777 deum.

650 2815 743 2879 Ac
789 2836 905 2881 nos
951 2815 1142 2899 plane
1190 2837 1318 2881 non
1366 2838 1571 2903 usque
1620 2839 1876 2903 quaque
1923 2817 2104 2884 illum
2155 2824 2447 2886 nostrum
2497 2816 2787 2883 dictiona-

470 2920 638 2985 rium
696 2920 781 2985 ab
828 2920 1001 2985 omni
1049 2921 1428 3004 exceptione
1481 2922 1883 2990 defendimus
1929 2923 2229 2991 alienum.
2320 2924 2611 2989 Primum
2658 2920 2787 3005 quia

469 3046 597 3089 non
643 3024 895 3107 singula
939 3024 1390 3107 complectitur
1436 3025 1672 3113 (neque
1723 3029 1893 3095 enim
1939 3050 2206 3097 numero
2253 3027 2786 3113 comprehendere

472 3128 701 3212 refert)
748 3151 865 3194 nec
912 3136 1012 3197 est
1057 3130 1259 3196 ullum
1305 3133 1371 3197 in
1418 3133 1593 3197 omni
1637 3135 1966 3201 hominum
2012 3142 2174 3215 vita,
2233 3132 2787 3219 quantumvisdm·

473 3255 711 3319 mensae
770 3234 1226 3318 magnitudinis
1285 3238 1770 3306 vocabularium
1836 3239 2077 3305 factum
2139 3247 2255 3307 aut
2307 3238 2566 3319 fictum,
2636 3234 2787 3322 quod

476 3360 696 3405 omnes
742 3341 1053 3424 cujusque
1098 3342 1329 3425 linguae
1377 3340 1694 3409 dictiones
1737 3347 2308 3429 complecteretur,
2355 3345 2595 3411 deinde
2657 3342 2788 3427 quia

476 3444 546 3509 in
592 3446 987 3529 exponendis
1033 3447 1361 3513 vocabulis
1422 3449 1652 3515 crebro
1701 3451 1938 3531 variat,
1999 3452 2259 3517 tametsi
2303 3451 2426 3517 hoc
2474 3450 2790 3531 contingat

1626 3614 1660 3651 51ss

619 3725 641 3770 1
687 3723 792 3771 Der
838 3722 1202 3773 franziskaner
1246 3724 1496 3775 Matthias
1548 3726 1812 3792 Doringk‚
1867 3726 2093 3778 welcher
2139 3728 2368 3795 Replicae
2415 3746 2588 3797 gegen
2643 3724 2786 3778 Pauls

474 3808 786 3861 Additiones
823 3811 1047 3873 schrieb,
1087 3812 1195 3877 vgl.
1236 3812 1443 3863 Reusch
1483 3814 1554 3863 im
1587 3816 1792 3865 Bonner
1829 3814 2061 3882 theolog.
2100 3816 2237 3867 litbl.
2282 3820 2407 3868 1871
2455 3834 2496 3868 s,
2540 3820 2645 3869 254
2681 3832 2721 3865 a.
2753 3818 2787 3865 1.

469 3902 497 3947 2
542 3897 893 3964 Hieronymus
940 3900 1077 3966 Opp.
1116 3899 1197 3951 ed.
1246 3900 1494 3951 Erasmus
1531 3900 1776 3965 (Basileus
1817 3905 1972 3970 1516)
2019 3905 2167 3956 Tom.
2209 3906 2250 3953 V
2290 3904 2382 3956 fol.
2425 3908 2509 3957 30.
2659 3908 2688 3955 3
2723 3904 2790 3953 Ist

464 3986 521 4035 in
558 3986 649 4036 der
686 4003 788 4037 von
828 3989 1075 4039 Erasmus
1114 3989 1612 4055 hei-ausgegebenen
1661 3991 1948 4057 erklarung
1985 3992 2120 4059 opp.
2165 3993 2222 4056 V,
2259 3993 2349 4044 fol.
2395 3996 2492 4045 129
2532 3996 2609 4060 fg.
2657 3992 2791 4043 nicht

470 4072 561 4123 der
597 4074 709 4125 fall.
842 4080 875 4125 4
914 4076 1051 4126 Elste
1089 4077 1257 4143 frage:
1302 4078 1449 4127 Hier.
1490 4077 1622 4145 opp.
1662 4079 1740 4129 ed.
1781 4078 2031 4131 Erasmus
2071 4080 2158 4143 IV,
2197 4080 2287 4131 fol.
2331 4083 2414 4132 68.
2551 4084 2584 4132 5
2625 4078 2789 4130 Psalm

465 4161 633 4228 XIII]
673 4162 916 4214 Gemeint
952 4164 1071 4214 sind
1108 4164 1192 4215 die
1232 4172 1392 4217 worte
1426 4166 1518 4217 des
1557 4167 1912 4233 Hieronymus
1951 4167 2110 4235 (Opp.
2151 4168 2230 4239 ed.
2265 4168 2515 4220 Erasmus
2545 4168 2652 4219 vol.
2679 4163 2790 4218 VIII

466 4248 558 4298 fol.
599 4250 699 4315 8b.)
736 4251 819 4303 Ab
858 4252 961 4302 hoc
1000 4268 1153 4303 versu
1189 4269 1353 4318 usque
1393 4254 1457 4305 ad
1499 4290 1546 4305 ..
1585 4270 1794 4305 versum
1845 4256 1901 4305 in
1950 4256 2178 4307 hebraeis
2227 4257 2500 4309 codicibus
2553 4274 2661 4309 non
2706 4255 2787 4304 ha-

466 4334 637 4386 betur.
713 4339 971 4399 Quaeritur
1010 4355 1131 4405 ergo
1179 4342 1437 4405 quomodo
1489 4342 1774 4409 Apostolus
1823 4344 1924 4395 hoc
1970 4360 2098 4397 usus
2145 4346 2216 4395 sit
2260 4346 2564 4397 testimonio
2602 4346 2657 4395 in
2691 4342 2784 4409 epi·

470 4424 608 4473 stola
672 4441 827 4489 qnam
883 4426 949 4477 ad
1002 4430 1260 4479 Romanos
1318 4433 1545 4497 scripsit.
1629 4432 2026 4499 Respondemus
2073 4433 2384 4501 Apostolum
2435 4434 2498 4487 de
2551 4435 2788 4486 Deutero-

467 4511 644 4561 nomio
682 4519 731 4561 et
769 4515 973 4565 caeteris
1010 4514 1385 4581 scripturarum
1423 4520 1556 4571 locis
1595 4518 1696 4573 hoc
1731 4522 2094 4575 testimonium
2129 4523 2380 4577 texuisse.
