2950 5042
1248 398 1375 463 111

184 586 275 651 vix
316 593 813 666 commutarem,
870 586 1035 653 tanti
1084 588 1253 653 enim
1302 588 1471 653 facio
1519 586 1929 655 literatorum
1977 608 2079 655 me
2127 588 2289 655 inire
2345 610 2489 674 gra-

184 694 349 772 tiam,
400 700 474 759 ut
527 694 689 759 nihil
743 712 961 777 supra.
1069 693 1253 771 Quod
1312 694 1391 759 de
1454 692 1670 760 dubiis
1729 694 1890 760 meis
1963 694 2304 759 certiorem
2381 714 2485 761 me

183 798 423 875 feceris,
483 799 731 882 gratias
785 798 905 863 tibi
968 796 1179 865 habeo
1224 798 1640 865 immortales.
1734 800 1945 884 Rogat
1989 800 2254 883 insuper
2297 806 2488 885 pater

184 924 339 967 meus
390 904 802 987 dignissimus
850 904 1056 983 abba,
1116 910 1190 969 ut
1245 904 1329 969 ad
1389 926 1457 971 se
1519 904 1906 990 quandoque
1964 906 2284 971 concedas
2343 926 2488 971 eam

184 1029 327 1091 quae
370 1010 491 1076 sibi
522 1009 849 1094 possibilis
881 1010 1053 1075 foret
1099 1016 1476 1075 ostensurus
1509 1010 1998 1076 humanitatem.
2077 1012 2277 1076 I'orro
2311 1008 2486 1094 quod

184 1112 417 1195 scribis,
488 1115 900 1181 literatorum
970 1114 1364 1197 monarcha,
1438 1116 1722 1200 graviter
1790 1122 1853 1183 te
1920 1116 2089 1182 ferre
2153 1114 2484 1181 hominum

186 1226 379 1285 nostra
433 1227 658 1286 aetate
716 1220 1248 1302 ingratitudinem
1306 1221 1416 1305 qui
1476 1243 1682 1307 usque
1746 1222 1909 1287 adeo
1973 1222 2367 1307 negligentes
2413 1242 2485 1289 se

187 1332 518 1407 praestent,
582 1332 659 1391 ut
712 1325 1069 1409 bibliopola
1123 1332 1421 1391 rarenter
1474 1348 1742 1411 operum
1801 1334 2062 1393 tuorum
2125 1334 2486 1412 emptorem

187 1430 451 1513 inveniat,
508 1431 671 1497 nihil
714 1438 835 1511 est,
881 1431 1325 1497 literatissime
1372 1432 1469 1497 vir
1517 1439 1585 1497 et
1631 1433 1710 1497 de
1759 1431 1944 1498 bonis
1987 1433 2196 1499 literis
2242 1431 2484 1517 optime

185 1536 396 1617 merite,
454 1536 640 1621 quod
688 1557 915 1601 curare
965 1536 1224 1603 debeas.
1319 1537 1690 1604 Memineris
1736 1537 1942 1617 illiue,
2004 1537 2178 1622 quod
2225 1538 2306 1603 de
2354 1543 2487 1603 tra-

192 1642 526 1723 goediarum
594 1642 873 1727 quodam
942 1642 1223 1726 rapsodo
1288 1642 1560 1726 legimus
1625 1644 1735 1727 qui
1801 1664 1997 1727 quum
2083 1642 2485 1726 tragoediam

198 1746 415 1814 referret
464 1769 593 1813 nec
641 1746 955 1832 quispiam
1007 1754 1276 1831 praeter
1308 1747 1644 1813 Platonem
1677 1748 1956 1827 adesset,
2006 1746 2486 1833 objectantibus

194 1852 541 1933 quibusdam
574 1852 877 1917 dedecori
911 1874 1051 1919 esse
1085 1852 1197 1932 illi,
1231 1852 1405 1939 quod
1436 1875 1625 1919 nemo
1667 1860 1933 1939 praeter
1967 1876 2160 1919 unum
2205 1853 2487 1949 adesset,

182 1960 484 2041 respondit
544 1958 683 2024 ille:
746 1964 813 2023 et
876 1958 981 2024 hic
1036 1980 1201 2024 unus
1266 1958 1411 2042 plus
1459 1965 1561 2024 est
1607 1980 1798 2042 quam
1849 1965 2026 2025 totus
2074 1958 2486 2024 Atheniensis

177 2063 433 2145 populus.
556 2064 787 2129 Itidem
847 2069 914 2129 et
968 2064 1089 2129 tibi
1154 2063 1520 2129 faciendum
1568 2085 1817 2144 cense0,
1900 2065 2048 2148 plus
2096 2064 2262 2130 enim
2311 2064 2486 2149 apud

174 2172 227 2230 te
265 2170 478 2235 valeat
543 2169 953 2235 literatorum
1021 2175 1087 2235 et
1155 2170 1415 2254 quidem
1483 2190 1837 2255 paucorum
1903 2170 2221 2254 judicium
2289 2190 2487 2255 quam

170 2276 334 2340 nauci
392 2276 733 2341 hominum
789 2275 1128 2381 innumera
1188 2274 1553 2341 multitudo.
1649 2275 1834 2353 Quod
1899 2276 1954 2341 si
2015 2280 2240 2341 nostra
2300 2281 2486 2339 aetas

170 2398 343 2446 coeno
402 2380 739 2447 barbariei
795 2379 1009 2460 infixa,
1073 2380 1156 2445 ad
1217 2380 1527 2465 politiora
1585 2380 1801 2446 stadia
1859 2402 1928 2447 se
1975 2379 2192 2447 levare
2239 2379 2484 2464 nequit,

167 2486 453 2552 succedet
500 2485 721 2551 forsan
769 2486 980 2552 altera
1027 2493 1211 2552 aetas
1259 2508 1426 2571 quae
1472 2493 1539 2553 te
1585 2486 1652 2550 in
1695 2486 1909 2571 pretio
1958 2484 2227 2551 habebit
2275 2492 2342 2550 et
2397 2483 2485 2549 ad

164 2588 375 2671 sydera
426 2613 635 2678 usque
681 2588 939 2657 levabit.
1034 2590 1195 2657 Sunt
1238 2598 1465 2657 nostra
1522 2597 1742 2658 aetate
1798 2592 2090 2657 homines
2134 2588 2485 2674 perversis-

165 2694 319 2777 simi,
382 2718 533 2762 nam
592 2718 789 2781 quum
849 2718 1104 2781 semper
1163 2718 1359 2761 novas
1408 2698 1581 2779 (Divi
1630 2696 2006 2781 Hieronymi
2054 2695 2254 2761 verba
2302 2692 2480 2781 sunt)

162 2808 459 2885 expetant
512 2801 881 2887 voluptates
942 2808 1011 2867 et
1069 2802 1254 2885 gulae
1314 2824 1537 2867 eorum
1601 2803 1812 2867 vicina
1873 2801 2079 2867 maria
2135 2822 2262 2867 non
2309 2800 2485 2866 suffi-

165 2906 342 2989 ciunt,
392 2930 509 2974 cur
540 2908 604 2973 in
638 2909 773 2974 solo
808 2908 1022 2973 studio
1056 2906 1393 2973 literarum
1440 2907 1644 2973 veteri
1677 2929 1908 2993 sapore
1957 2906 2243 2973 contenti
2286 2906 2484 2973 sunt?

165 3009 497 3077 Caeterum
545 3014 667 3077 etsi
715 3035 981 3097 operum
1029 3019 1287 3078 tuorum
1336 3014 1669 3098 complura
1714 3014 1873 3079 mihi
1906 3014 2077 3079 lect-a
2109 3013 2257 3091 sint,
2305 3012 2484 3079 solae

167 3122 369 3182 tamen
418 3118 787 3183 Hebraicae
833 3119 1272 3184 institutiones
1333 3120 1398 3184 in
1463 3118 1860 3183 bibliotheca
1904 3125 2130 3185 nostra
2177 3117 2482 3183 resident.

167 3220 361 3297 Quare
409 3245 661 3308 precor,
708 3230 783 3289 ut
826 3224 958 3289 alia
1004 3225 1219 3289 omnia
1265 3246 1432 3309 quae
1479 3223 1792 3290 hactenus
1822 3225 1887 3289 in
1920 3225 2130 3289 lucem
2161 3224 2484 3308 prodiere,

171 3324 420 3410 ingenuo
477 3330 616 3394 viro
670 3330 961 3413 Dietagio
1009 3330 1509 3395 Westerstetten
1571 3330 1756 3396 nobis
1812 3329 2132 3395 mittenda
2196 3330 2310 3395 des
2371 3330 2483 3413 qui

182 3438 231 3495 et
283 3434 623 3517 pecuniam
688 3434 1047 3517 dignationi
1114 3442 1266 3501 tuae
1334 3434 1591 3501 nomine
1660 3441 1882 3501 nostro
1970 3434 2220 3501 reddet.
2331 3435 2484 3501 Fuit

174 3556 398 3604 mecum
456 3562 578 3625 per
646 3540 763 3605 hos
829 3540 971 3607 dies
1018 3540 1223 3606 frater
1270 3540 1687 3607 Crismannus
1724 3543 1744 3579 ¹
1792 3537 2114 3618 minorita,
2163 3559 2305 3603 cum
2355 3559 2482 3623 quo

175 3640 245 3704 de
300 3644 606 3710 hebraico
678 3644 967 3710 nonnihil
1013 3646 1253 3712 contuli
1280 3696 1295 3727 ‚
1367 3646 1477 3731 qui
1546 3652 1614 3711 te
1661 3646 1934 3711 multum
1981 3645 2229 3710 salvere
2268 3643 2478 3728 jubet.

173 3744 438 3817 Laborat
483 3750 595 3816 ille
645 3750 747 3815 die
794 3756 1121 3835 noctuque
1169 3759 1242 3817 ut
1290 3752 1658 3818 chronicam
1693 3752 1716 3789 ²
1764 3772 1956 3835 quam
2005 3757 2116 3817 tuo
2153 3751 2340 3835 jussu
2387 3750 2484 3816 in-

1316 3890 1351 3929 ik

303 3983 320 4027 l
370 3978 649 4031 Crismann
705 3995 809 4030 war
859 3978 1048 4031 monch
1092 3979 1184 4031 des
1226 3980 1779 4033 franziskanerordens
1823 3980 1876 4030 in
1917 3980 2154 4049 Kempen
2201 3978 2285 4033 bis
2332 3982 2484 4045 1510,

177 4062 328 4113 wohin
354 4084 409 4117 er
432 4086 535 4118 von
566 4069 633 4118 da
657 4070 805 4131 kam,
840 4070 911 4119 ist
937 4070 1260 4120 unbekannt.
1330 4072 1463 4121 Dass
1493 4086 1548 4121 er
1580 4072 1672 4119 mit
1697 4068 1951 4119 Reuchlin
1988 4070 2221 4123 bekannt
2247 4086 2352 4121 war
2379 4069 2484 4121 und

174 4147 219 4196 in
242 4150 595 4207 briefwechsel
624 4156 796 4219 stand,
831 4156 938 4207 und
965 4172 1103 4207 zwar
1128 4164 1423 4223 spatestens
1449 4156 1612 4209 sehon
1646 4159 1795 4221 1502,
1821 4173 1971 4209 wozu
1989 4158 2274 4223 jedenfalls
2301 4157 2484 4211 heider-

174 4233 465 4294 hebritische
498 4244 709 4294 studien
752 4244 929 4294 anlass
970 4244 1169 4310 gaben,
1206 4245 1335 4312 geht
1372 4260 1469 4296 aus
1505 4244 1602 4295 den
1640 4243 1841 4296 briefen
1877 4246 2110 4296 Ellenbs.
2150 4264 2216 4297 an
2254 4248 2312 4299 C.
2338 4246 2430 4297 lib.
2457 4244 2485 4298 1

180 4330 452 4397 ep.59,10,
493 4334 559 4382 86
596 4332 704 4382 und
744 4332 827 4381 ein
862 4332 1005 4383 brief
1034 4334 1124 4383 Es
1168 4348 1231 4381 an
1278 4332 1488 4383 Com-ad
1523 4334 1768 4385 Pellikan
1807 4332 1900 4383 lib.
1925 4334 1980 4384 Π
2018 4350 2096 4400 ep.
2127 4336 2209 4397 73,
2261 4339 2317 4383 11
2359 4334 2482 4384 Okt.

182 4415 296 4465 1514
332 4417 531 4471 hervor.
644 4424 672 4469 2
701 4418 819 4471 Von
856 4418 1027 4471 dieser
1064 4420 1285 4471 chronik
1322 4420 1415 4483 ist,
1455 4420 1622 4471 soviel
1659 4420 1742 4470 ich
1781 4422 1959 4484 ποίεε,
1995 4421 2172 4473 nichts
2207 4422 2484 4472 ver-offent-

175 4495 291 4553 licbt
336 4506 564 4573 worden,
602 4506 711 4558 und
748 4522 848 4558 nur
881 4508 1142 4573 bekannt,
1180 4506 1304 4559 dass
1342 4508 1477 4559 auch
1525 4508 1626 4560 En.
1664 4508 1782 4577 (lib.
1805 4508 1833 4559 1
1864 4524 1908 4560 s.
1947 4510 2013 4561 60
2053 4508 2285 4561 undatirt
2327 4506 2487 4577 1508>
