<?xml version="1.0" encoding="UTF-8"?>
<!DOCTYPE html PUBLIC "-//W3C//DTD XHTML 1.0 Transitional//EN"
    "http://www.w3.org/TR/xhtml1/DTD/xhtml1-transitional.dtd">
<html xmlns="http://www.w3.org/1999/xhtml" xml:lang="en" lang="en">
 <head>
  <title>
</title>
<meta http-equiv="Content-Type" content="text/html;charset=utf-8" />
  <meta name='ocr-system' content='tesseract 3.04.00' />
  <meta name='ocr-capabilities' content='ocr_page ocr_carea ocr_par ocr_line ocrx_word'/>
</head>
<body>
  <div class='ocr_page' id='page_1' title='image "./johannreuchlins00geiggoog/johannreuchlins00geiggoog_0250.png"; bbox 0 0 2950 5042; ppageno 0'>
   <div class='ocr_carea' id='block_1_1' title="bbox 1552 369 1685 435">
    <p class='ocr_par' dir='ltr' id='par_1_1' title="bbox 1552 369 1685 435">
     <span class='ocr_line' id='line_1_1' title="bbox 1552 369 1685 435; baseline 0 0"><span class='ocrx_word' id='word_1_1' title='bbox 1552 369 1685 435; x_wconf 84' lang='lat'>240</span> 
     </span>
    </p>
   </div>
   <div class='ocr_carea' id='block_1_2' title="bbox 437 556 2767 4233">
    <p class='ocr_par' dir='ltr' id='par_1_2' title="bbox 447 556 2764 942">
     <span class='ocr_line' id='line_1_2' title="bbox 447 556 2761 645; baseline -0 -19"><span class='ocrx_word' id='word_1_2' title='bbox 447 557 898 645; x_wconf 77' lang='lat' dir='ltr'><strong>quadrigarius</strong></span> <span class='ocrx_word' id='word_1_3' title='bbox 943 557 1054 625; x_wconf 90' lang='lat' dir='ltr'>ille</span> <span class='ocrx_word' id='word_1_4' title='bbox 1082 565 1230 626; x_wconf 86' lang='lat' dir='ltr'>tuas</span> <span class='ocrx_word' id='word_1_5' title='bbox 1277 556 1523 639; x_wconf 85' lang='lat' dir='ltr'>literas,</span> <span class='ocrx_word' id='word_1_6' title='bbox 1572 558 1891 639; x_wconf 73' lang='lat' dir='ltr'>celeriter,</span> <span class='ocrx_word' id='word_1_7' title='bbox 1940 564 2015 625; x_wconf 90' lang='lat' dir='ltr'>ut</span> <span class='ocrx_word' id='word_1_8' title='bbox 2044 556 2287 643; x_wconf 84' lang='lat' dir='ltr'>ajebat,</span> <span class='ocrx_word' id='word_1_9' title='bbox 2320 557 2627 639; x_wconf 87' lang='lat' dir='ltr'>abiturus,</span> <span class='ocrx_word' id='word_1_10' title='bbox 2656 579 2761 625; x_wconf 87' lang='lat' dir='ltr'>nec</span> 
     </span>
     <span class='ocr_line' id='line_1_3' title="bbox 451 662 2763 749; baseline -0.001 -20"><span class='ocrx_word' id='word_1_11' title='bbox 451 664 621 730; x_wconf 86' lang='lat' dir='ltr'>enim</span> <span class='ocrx_word' id='word_1_12' title='bbox 667 664 864 731; x_wconf 87' lang='lat' dir='ltr'>ullam</span> <span class='ocrx_word' id='word_1_13' title='bbox 912 665 1052 749; x_wconf 88' lang='lat' dir='ltr'>pati</span> <span class='ocrx_word' id='word_1_14' title='bbox 1100 684 1348 731; x_wconf 82' lang='lat' dir='ltr'>moram</span> <span class='ocrx_word' id='word_1_15' title='bbox 1396 686 1465 730; x_wconf 90' lang='lat' dir='ltr'>se</span> <span class='ocrx_word' id='word_1_16' title='bbox 1513 686 1705 748; x_wconf 91' lang='lat' dir='ltr'>posse</span> <span class='ocrx_word' id='word_1_17' title='bbox 1752 662 2203 748; x_wconf 87' lang='lat' dir='ltr'>profitebatur.</span> <span class='ocrx_word' id='word_1_18' title='bbox 2276 664 2489 743; x_wconf 82' lang='lat' dir='ltr'>Quare</span> <span class='ocrx_word' id='word_1_19' title='bbox 2534 686 2763 729; x_wconf 86' lang='lat' dir='ltr'>omnem</span> 
     </span>
     <span class='ocr_line' id='line_1_4' title="bbox 449 768 2764 854; baseline 0 -19"><span class='ocrx_word' id='word_1_20' title='bbox 449 790 659 837; x_wconf 83' lang='lat' dir='ltr'>causae</span> <span class='ocrx_word' id='word_1_21' title='bbox 684 790 843 835; x_wconf 87' lang='lat' dir='ltr'>meae</span> <span class='ocrx_word' id='word_1_22' title='bbox 875 776 1120 836; x_wconf 87' lang='lat' dir='ltr'>statum</span> <span class='ocrx_word' id='word_1_23' title='bbox 1154 769 1237 834; x_wconf 90' lang='lat' dir='ltr'>ad</span> <span class='ocrx_word' id='word_1_24' title='bbox 1270 775 1335 835; x_wconf 84' lang='lat' dir='ltr'>te</span> <span class='ocrx_word' id='word_1_25' title='bbox 1363 768 1769 853; x_wconf 79' lang='lat' dir='ltr'>perscribere</span> <span class='ocrx_word' id='word_1_26' title='bbox 1794 769 2069 854; x_wconf 88' lang='lat' dir='ltr'>nequivi,</span> <span class='ocrx_word' id='word_1_27' title='bbox 2102 774 2251 853; x_wconf 84' lang='lat' dir='ltr'>eget</span> <span class='ocrx_word' id='word_1_28' title='bbox 2280 770 2449 835; x_wconf 92' lang='lat' dir='ltr'>enim</span> <span class='ocrx_word' id='word_1_29' title='bbox 2478 775 2764 854; x_wconf 90' lang='lat' dir='ltr'>tempore,</span> 
     </span>
     <span class='ocr_line' id='line_1_5' title="bbox 449 874 1613 942; baseline -0.002 -1"><span class='ocrx_word' id='word_1_30' title='bbox 449 875 537 941; x_wconf 90' lang='lat' dir='ltr'>ad</span> <span class='ocrx_word' id='word_1_31' title='bbox 583 896 902 942; x_wconf 89' lang='lat' dir='ltr'>summum</span> <span class='ocrx_word' id='word_1_32' title='bbox 949 882 1168 941; x_wconf 88' lang='lat' dir='ltr'>autem</span> <span class='ocrx_word' id='word_1_33' title='bbox 1217 876 1306 940; x_wconf 88' lang='lat' dir='ltr'>sic</span> <span class='ocrx_word' id='word_1_34' title='bbox 1353 874 1613 941; x_wconf 88' lang='lat' dir='ltr'>habeto.</span> 
     </span>
    </p>

    <p class='ocr_par' dir='ltr' id='par_1_3' title="bbox 437 980 2767 3499">
     <span class='ocr_line' id='line_1_6' title="bbox 624 980 2765 1063; baseline -0.001 -18"><span class='ocrx_word' id='word_1_35' title='bbox 624 980 1086 1047; x_wconf 84' lang='lat' dir='ltr'>Adversarium</span> <span class='ocrx_word' id='word_1_36' title='bbox 1132 1002 1346 1047; x_wconf 90' lang='lat' dir='ltr'>meum</span> <span class='ocrx_word' id='word_1_37' title='bbox 1377 982 1648 1047; x_wconf 86' lang='lat' dir='ltr'>Romam</span> <span class='ocrx_word' id='word_1_38' title='bbox 1690 980 1879 1045; x_wconf 89' lang='lat' dir='ltr'>citari</span> <span class='ocrx_word' id='word_1_39' title='bbox 1924 980 2068 1059; x_wconf 88' lang='lat' dir='ltr'>feci,</span> <span class='ocrx_word' id='word_1_40' title='bbox 2117 985 2191 1045; x_wconf 87' lang='lat' dir='ltr'>ut</span> <span class='ocrx_word' id='word_1_41' title='bbox 2231 986 2603 1063; x_wconf 75' lang='lat' dir='ltr'>compareat</span> <span class='ocrx_word' id='word_1_42' title='bbox 2642 1001 2765 1063; x_wconf 88' lang='lat' dir='ltr'>per-</span> 
     </span>
     <span class='ocr_line' id='line_1_7' title="bbox 449 1085 2767 1169; baseline -0.002 -17"><span class='ocrx_word' id='word_1_43' title='bbox 449 1085 786 1167; x_wconf 77' lang='lat' dir='ltr'>sonaliter,</span> <span class='ocrx_word' id='word_1_44' title='bbox 851 1087 970 1153; x_wconf 88' lang='lat' dir='ltr'>sed</span> <span class='ocrx_word' id='word_1_45' title='bbox 1025 1108 1141 1169; x_wconf 85' lang='lat' dir='ltr'>ego</span> <span class='ocrx_word' id='word_1_46' title='bbox 1203 1086 1639 1153; x_wconf 88' lang='lat' dir='ltr'>benivolentia</span> <span class='ocrx_word' id='word_1_47' title='bbox 1685 1086 1881 1151; x_wconf 84' lang='lat' dir='ltr'>curiae</span> <span class='ocrx_word' id='word_1_48' title='bbox 1928 1086 2249 1151; x_wconf 88' lang='lat' dir='ltr'>admissus</span> <span class='ocrx_word' id='word_1_49' title='bbox 2316 1107 2492 1165; x_wconf 88' lang='lat' dir='ltr'>sum,</span> <span class='ocrx_word' id='word_1_50' title='bbox 2555 1091 2626 1150; x_wconf 91' lang='lat' dir='ltr'>ut</span> <span class='ocrx_word' id='word_1_51' title='bbox 2665 1105 2767 1167; x_wconf 87' lang='lat' dir='ltr'>per</span> 
     </span>
     <span class='ocr_line' id='line_1_8' title="bbox 445 1190 2764 1283; baseline -0.002 -25"><span class='ocrx_word' id='word_1_52' title='bbox 445 1198 904 1277; x_wconf 80' lang='lat' dir='ltr'>procuratores</span> <span class='ocrx_word' id='word_1_53' title='bbox 949 1212 1126 1258; x_wconf 88' lang='lat' dir='ltr'>meos</span> <span class='ocrx_word' id='word_1_54' title='bbox 1173 1199 1241 1283; x_wconf 87' lang='lat' dir='ltr'>et</span> <span class='ocrx_word' id='word_1_55' title='bbox 1283 1212 1545 1275; x_wconf 87' lang='lat' dir='ltr'>agerem</span> <span class='ocrx_word' id='word_1_56' title='bbox 1592 1198 1659 1257; x_wconf 89' lang='lat' dir='ltr'>et</span> <span class='ocrx_word' id='word_1_57' title='bbox 1705 1190 2198 1275; x_wconf 85' lang='lat' dir='ltr'>responderem,</span> <span class='ocrx_word' id='word_1_58' title='bbox 2248 1211 2365 1275; x_wconf 81' lang='lat' dir='ltr'>ego</span> <span class='ocrx_word' id='word_1_59' title='bbox 2413 1212 2563 1256; x_wconf 90' lang='lat' dir='ltr'>vero</span> <span class='ocrx_word' id='word_1_60' title='bbox 2608 1190 2764 1255; x_wconf 87' lang='lat' dir='ltr'>domi</span> 
     </span>
     <span class='ocr_line' id='line_1_9' title="bbox 446 1296 2765 1382; baseline -0.002 -19"><span class='ocrx_word' id='word_1_61' title='bbox 446 1320 606 1364; x_wconf 80' lang='lat' dir='ltr'>meae</span> <span class='ocrx_word' id='word_1_62' title='bbox 668 1320 1014 1365; x_wconf 88' lang='lat' dir='ltr'>manerem.</span> <span class='ocrx_word' id='word_1_63' title='bbox 1115 1296 1300 1377; x_wconf 82' lang='lat' dir='ltr'>Quod</span> <span class='ocrx_word' id='word_1_64' title='bbox 1361 1297 1515 1361; x_wconf 90' lang='lat' dir='ltr'>mihi</span> <span class='ocrx_word' id='word_1_65' title='bbox 1589 1298 1656 1361; x_wconf 88' lang='lat' dir='ltr'>in</span> <span class='ocrx_word' id='word_1_66' title='bbox 1717 1297 2063 1363; x_wconf 88' lang='lat' dir='ltr'>maximam</span> <span class='ocrx_word' id='word_1_67' title='bbox 2120 1302 2375 1382; x_wconf 87' lang='lat' dir='ltr'>partem</span> <span class='ocrx_word' id='word_1_68' title='bbox 2435 1296 2765 1379; x_wconf 82' lang='lat' dir='ltr'>gratiarum</span> 
     </span>
     <span class='ocr_line' id='line_1_10' title="bbox 445 1400 2753 1490; baseline -0.003 -19"><span class='ocrx_word' id='word_1_69' title='bbox 445 1412 698 1489; x_wconf 87' lang='lat' dir='ltr'>reputo.</span> <span class='ocrx_word' id='word_1_70' title='bbox 757 1406 988 1490; x_wconf 89' lang='lat' dir='ltr'>Itaque</span> <span class='ocrx_word' id='word_1_71' title='bbox 1023 1405 1290 1469; x_wconf 85' lang='lat' dir='ltr'>Romam</span> <span class='ocrx_word' id='word_1_72' title='bbox 1337 1424 1463 1469; x_wconf 88' lang='lat' dir='ltr'>non</span> <span class='ocrx_word' id='word_1_73' title='bbox 1509 1402 1613 1482; x_wconf 87' lang='lat' dir='ltr'>ivi,</span> <span class='ocrx_word' id='word_1_74' title='bbox 1661 1402 1777 1467; x_wconf 89' lang='lat' dir='ltr'>sed</span> <span class='ocrx_word' id='word_1_75' title='bbox 1823 1408 2051 1467; x_wconf 88' lang='lat' dir='ltr'>contra</span> <span class='ocrx_word' id='word_1_76' title='bbox 2096 1400 2546 1467; x_wconf 87' lang='lat' dir='ltr'>adversarium</span> <span class='ocrx_word' id='word_1_77' title='bbox 2576 1402 2753 1486; x_wconf 88' lang='lat' dir='ltr'>quina</span> 
     </span>
     <span class='ocr_line' id='line_1_11' title="bbox 447 1506 2763 1592; baseline -0.003 -15"><span class='ocrx_word' id='word_1_78' title='bbox 447 1510 758 1578; x_wconf 87' lang='lat' dir='ltr'>milliares</span> <span class='ocrx_word' id='word_1_79' title='bbox 821 1531 1042 1577; x_wconf 88' lang='lat' dir='ltr'>omnes</span> <span class='ocrx_word' id='word_1_80' title='bbox 1071 1511 1090 1548; x_wconf 84' lang='lat'><strong>¹</strong></span> <span class='ocrx_word' id='word_1_81' title='bbox 1151 1531 1256 1575; x_wconf 88' lang='lat' dir='ltr'>me</span> <span class='ocrx_word' id='word_1_82' title='bbox 1327 1508 1596 1574; x_wconf 85' lang='lat' dir='ltr'>absente</span> <span class='ocrx_word' id='word_1_83' title='bbox 1658 1514 2117 1592; x_wconf 80' lang='lat' dir='ltr'>procuratores</span> <span class='ocrx_word' id='word_1_84' title='bbox 2176 1508 2303 1572; x_wconf 90' lang='lat' dir='ltr'>mei</span> <span class='ocrx_word' id='word_1_85' title='bbox 2368 1513 2439 1572; x_wconf 90' lang='lat' dir='ltr'>et</span> <span class='ocrx_word' id='word_1_86' title='bbox 2493 1506 2763 1573; x_wconf 85' lang='lat' dir='ltr'>advocati</span> 
     </span>
     <span class='ocr_line' id='line_1_12' title="bbox 447 1614 2763 1700; baseline -0.003 -17"><span class='ocrx_word' id='word_1_87' title='bbox 447 1617 800 1683; x_wconf 89' lang='lat' dir='ltr'>secundum</span> <span class='ocrx_word' id='word_1_88' title='bbox 845 1617 1119 1682; x_wconf 87' lang='lat' dir='ltr'>formam</span> <span class='ocrx_word' id='word_1_89' title='bbox 1155 1614 1322 1700; x_wconf 89' lang='lat' dir='ltr'>juris</span> <span class='ocrx_word' id='word_1_90' title='bbox 1369 1619 1595 1698; x_wconf 82' lang='lat' dir='ltr'>agunt3</span> <span class='ocrx_word' id='word_1_91' title='bbox 1650 1614 2033 1698; x_wconf 85' lang='lat' dir='ltr'>inquisitore</span> <span class='ocrx_word' id='word_1_92' title='bbox 2085 1614 2527 1698; x_wconf 86' lang='lat' dir='ltr'>personaliter</span> <span class='ocrx_word' id='word_1_93' title='bbox 2575 1614 2763 1678; x_wconf 86' lang='lat' dir='ltr'>Romae</span> 
     </span>
     <span class='ocr_line' id='line_1_13' title="bbox 447 1719 2762 1803; baseline -0.003 -16"><span class='ocrx_word' id='word_1_94' title='bbox 447 1723 798 1789; x_wconf 87' lang='lat' dir='ltr'>constituto</span> <span class='ocrx_word' id='word_1_95' title='bbox 845 1722 1174 1788; x_wconf 87' lang='lat' dir='ltr'>citationis</span> <span class='ocrx_word' id='word_1_96' title='bbox 1205 1720 1615 1786; x_wconf 88' lang='lat' dir='ltr'>necessitate.</span> <span class='ocrx_word' id='word_1_97' title='bbox 1689 1719 2044 1803; x_wconf 86' lang='lat' dir='ltr'>Coeperunt</span> <span class='ocrx_word' id='word_1_98' title='bbox 2074 1720 2293 1785; x_wconf 85' lang='lat' dir='ltr'>Romae</span> <span class='ocrx_word' id='word_1_99' title='bbox 2324 1719 2762 1785; x_wconf 78' lang='lat' dir='ltr'>continentiam</span> 
     </span>
     <span class='ocr_line' id='line_1_14' title="bbox 448 1823 2761 1910; baseline -0.003 -15"><span class='ocrx_word' id='word_1_100' title='bbox 448 1848 660 1895; x_wconf 85' lang='lat' dir='ltr'>causae</span> <span class='ocrx_word' id='word_1_101' title='bbox 691 1827 996 1908; x_wconf 85' lang='lat' dir='ltr'>dividere,</span> <span class='ocrx_word' id='word_1_102' title='bbox 1043 1835 1114 1894; x_wconf 85' lang='lat' dir='ltr'>ut</span> <span class='ocrx_word' id='word_1_103' title='bbox 1167 1827 1335 1893; x_wconf 84' lang='lat' dir='ltr'>alius</span> <span class='ocrx_word' id='word_1_104' title='bbox 1367 1832 1542 1893; x_wconf 87' lang='lat' dir='ltr'>esset</span> <span class='ocrx_word' id='word_1_105' title='bbox 1571 1823 1729 1889; x_wconf 89' lang='lat' dir='ltr'>mihi</span> <span class='ocrx_word' id='word_1_106' title='bbox 1774 1824 1967 1891; x_wconf 88' lang='lat' dir='ltr'>datus</span> <span class='ocrx_word' id='word_1_107' title='bbox 1986 1825 2191 1910; x_wconf 87' lang='lat' dir='ltr'>judex</span> <span class='ocrx_word' id='word_1_108' title='bbox 2221 1824 2761 1892; x_wconf 84' lang='lat' dir='ltr'>reverendissimus</span> 
     </span>
     <span class='ocr_line' id='line_1_15' title="bbox 447 1929 2754 2014; baseline -0.003 -14"><span class='ocrx_word' id='word_1_109' title='bbox 447 1934 825 2014; x_wconf 87' lang='lat' dir='ltr'>Grimanus,</span> <span class='ocrx_word' id='word_1_110' title='bbox 883 1934 1052 1999; x_wconf 91' lang='lat' dir='ltr'>alius</span> <span class='ocrx_word' id='word_1_111' title='bbox 1095 1931 1332 1999; x_wconf 90' lang='lat' dir='ltr'>Iacobo</span> <span class='ocrx_word' id='word_1_112' title='bbox 1379 1930 1765 2011; x_wconf 88' lang='lat' dir='ltr'>Hochstrat,</span> <span class='ocrx_word' id='word_1_113' title='bbox 1826 1930 1993 1997; x_wconf 88' lang='lat' dir='ltr'>alius</span> <span class='ocrx_word' id='word_1_114' title='bbox 2042 1929 2311 2001; x_wconf 86' lang='lat' dir='ltr'>Arnoldi</span> <span class='ocrx_word' id='word_1_115' title='bbox 2356 1930 2443 1996; x_wconf 87' lang='lat' dir='ltr'>de</span> <span class='ocrx_word' id='word_1_116' title='bbox 2494 1930 2754 2013; x_wconf 83' lang='lat' dir='ltr'>Tungari,</span> 
     </span>
     <span class='ocr_line' id='line_1_16' title="bbox 447 2035 2749 2125; baseline -0.003 -20"><span class='ocrx_word' id='word_1_117' title='bbox 447 2039 614 2105; x_wconf 86' lang='lat' dir='ltr'>alius</span> <span class='ocrx_word' id='word_1_118' title='bbox 659 2039 1062 2123; x_wconf 86' lang='lat' dir='ltr'>theologistis</span> <span class='ocrx_word' id='word_1_119' title='bbox 1107 2038 1391 2125; x_wconf 88' lang='lat' dir='ltr'>reliquis.</span> <span class='ocrx_word' id='word_1_120' title='bbox 1487 2038 1615 2103; x_wconf 89' lang='lat' dir='ltr'>Sed</span> <span class='ocrx_word' id='word_1_121' title='bbox 1660 2038 1840 2121; x_wconf 90' lang='lat' dir='ltr'>Papa</span> <span class='ocrx_word' id='word_1_122' title='bbox 1887 2036 2128 2102; x_wconf 88' lang='lat' dir='ltr'>certior</span> <span class='ocrx_word' id='word_1_123' title='bbox 2172 2035 2388 2101; x_wconf 84' lang='lat' dir='ltr'>factus</span> <span class='ocrx_word' id='word_1_124' title='bbox 2439 2036 2523 2101; x_wconf 90' lang='lat' dir='ltr'>de</span> <span class='ocrx_word' id='word_1_125' title='bbox 2568 2036 2749 2102; x_wconf 83' lang='lat' dir='ltr'>adver-</span> 
     </span>
     <span class='ocr_line' id='line_1_17' title="bbox 447 2130 2759 2225; baseline -0.003 -14"><span class='ocrx_word' id='word_1_126' title='bbox 447 2130 767 2211; x_wconf 86' lang='lat' dir='ltr'>sariorum</span> <span class='ocrx_word' id='word_1_127' title='bbox 813 2144 962 2211; x_wconf 89' lang='lat' dir='ltr'>dolo</span> <span class='ocrx_word' id='word_1_128' title='bbox 1011 2144 1271 2224; x_wconf 89' lang='lat' dir='ltr'>astutia,</span> <span class='ocrx_word' id='word_1_129' title='bbox 1319 2142 1606 2209; x_wconf 87' lang='lat' dir='ltr'>versutia</span> <span class='ocrx_word' id='word_1_130' title='bbox 1646 2148 1715 2207; x_wconf 89' lang='lat' dir='ltr'>et</span> <span class='ocrx_word' id='word_1_131' title='bbox 1745 2141 2125 2225; x_wconf 88' lang='lat' dir='ltr'>deceptione</span> <span class='ocrx_word' id='word_1_132' title='bbox 2157 2144 2494 2209; x_wconf 87' lang='lat' dir='ltr'>revocavit</span> <span class='ocrx_word' id='word_1_133' title='bbox 2540 2162 2759 2210; x_wconf 91' lang='lat' dir='ltr'>omnem</span> 
     </span>
     <span class='ocr_line' id='line_1_18' title="bbox 438 2247 2763 2339; baseline -0.002 -22"><span class='ocrx_word' id='word_1_134' title='bbox 438 2249 956 2339; x_wconf 86' lang='lat' dir='ltr'>jurisdictionem</span> <span class='ocrx_word' id='word_1_135' title='bbox 985 2250 1070 2315; x_wconf 91' lang='lat' dir='ltr'>ab</span> <span class='ocrx_word' id='word_1_136' title='bbox 1101 2250 1396 2315; x_wconf 90' lang='lat' dir='ltr'>omnibus</span> <span class='ocrx_word' id='word_1_137' title='bbox 1426 2247 1685 2314; x_wconf 88' lang='lat' dir='ltr'>illorum</span> <span class='ocrx_word' id='word_1_138' title='bbox 1706 2248 2035 2333; x_wconf 85' lang='lat' dir='ltr'>judicibus</span> <span class='ocrx_word' id='word_1_139' title='bbox 2084 2248 2177 2313; x_wconf 90' lang='lat' dir='ltr'>eis</span> <span class='ocrx_word' id='word_1_140' title='bbox 2226 2247 2401 2313; x_wconf 87' lang='lat' dir='ltr'>datis</span> <span class='ocrx_word' id='word_1_141' title='bbox 2436 2255 2505 2315; x_wconf 90' lang='lat' dir='ltr'>et</span> <span class='ocrx_word' id='word_1_142' title='bbox 2536 2268 2763 2330; x_wconf 87' lang='lat' dir='ltr'>surrep-</span> 
     </span>
     <span class='ocr_line' id='line_1_19' title="bbox 447 2351 2763 2440; baseline -0.003 -19"><span class='ocrx_word' id='word_1_143' title='bbox 447 2356 592 2421; x_wconf 91' lang='lat' dir='ltr'>titie</span> <span class='ocrx_word' id='word_1_144' title='bbox 639 2356 1044 2439; x_wconf 86' lang='lat' dir='ltr'>impetratis,</span> <span class='ocrx_word' id='word_1_145' title='bbox 1095 2362 1430 2440; x_wconf 86' lang='lat' dir='ltr'>totamque</span> <span class='ocrx_word' id='word_1_146' title='bbox 1496 2374 1759 2419; x_wconf 87' lang='lat' dir='ltr'>causam</span> <span class='ocrx_word' id='word_1_147' title='bbox 1810 2374 1953 2418; x_wconf 86' lang='lat' dir='ltr'>eam</span> <span class='ocrx_word' id='word_1_148' title='bbox 2000 2354 2485 2437; x_wconf 85' lang='lat' dir='ltr'>emergentibus</span> <span class='ocrx_word' id='word_1_149' title='bbox 2532 2351 2763 2421; x_wconf 85' lang='lat' dir='ltr'>adnexis</span> 
     </span>
     <span class='ocr_line' id='line_1_20' title="bbox 451 2460 2764 2546; baseline -0.003 -19"><span class='ocrx_word' id='word_1_150' title='bbox 451 2469 518 2527; x_wconf 87' lang='lat' dir='ltr'>et</span> <span class='ocrx_word' id='word_1_151' title='bbox 577 2461 880 2528; x_wconf 86' lang='lat' dir='ltr'>connexis</span> <span class='ocrx_word' id='word_1_152' title='bbox 945 2467 1080 2527; x_wconf 85' lang='lat' dir='ltr'>tam</span> <span class='ocrx_word' id='word_1_153' title='bbox 1137 2483 1349 2527; x_wconf 91' lang='lat' dir='ltr'>meam</span> <span class='ocrx_word' id='word_1_154' title='bbox 1415 2464 1645 2527; x_wconf 86' lang='lat' dir='ltr'>contra</span> <span class='ocrx_word' id='word_1_155' title='bbox 1723 2460 2163 2541; x_wconf 87' lang='lat' dir='ltr'>adversarios,</span> <span class='ocrx_word' id='word_1_156' title='bbox 2249 2483 2453 2546; x_wconf 87' lang='lat' dir='ltr'>quam</span> <span class='ocrx_word' id='word_1_157' title='bbox 2536 2460 2764 2527; x_wconf 88' lang='lat' dir='ltr'>illorum</span> 
     </span>
     <span class='ocr_line' id='line_1_21' title="bbox 449 2561 2765 2653; baseline -0.003 -20"><span class='ocrx_word' id='word_1_158' title='bbox 449 2574 676 2635; x_wconf 88' lang='lat' dir='ltr'>contra</span> <span class='ocrx_word' id='word_1_159' title='bbox 737 2590 838 2634; x_wconf 89' lang='lat' dir='ltr'>me</span> <span class='ocrx_word' id='word_1_160' title='bbox 895 2568 1068 2635; x_wconf 89' lang='lat' dir='ltr'>ultro</span> <span class='ocrx_word' id='word_1_161' title='bbox 1133 2568 1428 2653; x_wconf 86' lang='lat' dir='ltr'>citroque</span> <span class='ocrx_word' id='word_1_162' title='bbox 1477 2565 1799 2631; x_wconf 89' lang='lat' dir='ltr'>commisit</span> <span class='ocrx_word' id='word_1_163' title='bbox 1846 2565 2171 2633; x_wconf 87' lang='lat' dir='ltr'>Sanctitas</span> <span class='ocrx_word' id='word_1_164' title='bbox 2220 2587 2337 2631; x_wconf 88' lang='lat' dir='ltr'>sua</span> <span class='ocrx_word' id='word_1_165' title='bbox 2406 2588 2554 2632; x_wconf 87' lang='lat' dir='ltr'>meo</span> <span class='ocrx_word' id='word_1_166' title='bbox 2579 2561 2765 2650; x_wconf 83' lang='lat' dir='ltr'>&#39;judici</span> 
     </span>
     <span class='ocr_line' id='line_1_22' title="bbox 445 2668 2764 2759; baseline -0.003 -19"><span class='ocrx_word' id='word_1_167' title='bbox 445 2674 771 2754; x_wconf 87' lang='lat' dir='ltr'>Grimano,</span> <span class='ocrx_word' id='word_1_168' title='bbox 815 2674 1122 2759; x_wconf 83' lang='lat' dir='ltr'>adjuncto</span> <span class='ocrx_word' id='word_1_169' title='bbox 1168 2672 1703 2739; x_wconf 85' lang='lat' dir='ltr'>reverendissimo</span> <span class='ocrx_word' id='word_1_170' title='bbox 1753 2671 2085 2737; x_wconf 88' lang='lat' dir='ltr'>Cardinali</span> <span class='ocrx_word' id='word_1_171' title='bbox 2131 2694 2179 2737; x_wconf 90' lang='lat' dir='ltr'>s.</span> <span class='ocrx_word' id='word_1_172' title='bbox 2230 2672 2523 2753; x_wconf 80' lang='lat' dir='ltr'>Eusebii,</span> <span class='ocrx_word' id='word_1_173' title='bbox 2550 2672 2574 2711; x_wconf 76' lang='lat'><strong>²</strong></span> <span class='ocrx_word' id='word_1_174' title='bbox 2652 2668 2764 2735; x_wconf 84' lang='lat' dir='ltr'>viro</span> 
     </span>
     <span class='ocr_line' id='line_1_23' title="bbox 439 2774 2765 2865; baseline -0.003 -20"><span class='ocrx_word' id='word_1_175' title='bbox 439 2780 606 2865; x_wconf 88' lang='lat' dir='ltr'>juris</span> <span class='ocrx_word' id='word_1_176' title='bbox 673 2779 1098 2864; x_wconf 83' lang='lat' dir='ltr'>peritis-simo,</span> <span class='ocrx_word' id='word_1_177' title='bbox 1170 2786 1237 2845; x_wconf 89' lang='lat' dir='ltr'>et</span> <span class='ocrx_word' id='word_1_178' title='bbox 1297 2785 1525 2862; x_wconf 88' lang='lat' dir='ltr'>erepta</span> <span class='ocrx_word' id='word_1_179' title='bbox 1594 2782 1694 2842; x_wconf 90' lang='lat' dir='ltr'>est</span> <span class='ocrx_word' id='word_1_180' title='bbox 1746 2776 2115 2861; x_wconf 88' lang='lat' dir='ltr'>jurisdictio</span> <span class='ocrx_word' id='word_1_181' title='bbox 2164 2798 2199 2841; x_wconf 91' lang='lat' dir='ltr'>e</span> <span class='ocrx_word' id='word_1_182' title='bbox 2277 2776 2579 2843; x_wconf 86' lang='lat' dir='ltr'>faucibus</span> <span class='ocrx_word' id='word_1_183' title='bbox 2636 2774 2765 2839; x_wconf 88' lang='lat' dir='ltr'>Car-</span> 
     </span>
     <span class='ocr_line' id='line_1_24' title="bbox 447 2879 2763 2977; baseline -0.005 -26"><span class='ocrx_word' id='word_1_184' title='bbox 447 2885 682 2952; x_wconf 87' lang='lat' dir='ltr'>dinalis</span> <span class='ocrx_word' id='word_1_185' title='bbox 750 2884 1138 2977; x_wconf 85' lang='lat' dir='ltr'>Bernardini</span> <span class='ocrx_word' id='word_1_186' title='bbox 1207 2906 1254 2951; x_wconf 89' lang='lat' dir='ltr'>s.</span> <span class='ocrx_word' id='word_1_187' title='bbox 1345 2884 1557 2949; x_wconf 88' lang='lat' dir='ltr'>crucis</span> <span class='ocrx_word' id='word_1_188' title='bbox 1631 2881 1743 2966; x_wconf 88' lang='lat' dir='ltr'>qui</span> <span class='ocrx_word' id='word_1_189' title='bbox 1814 2882 2105 2965; x_wconf 83' lang='lat' dir='ltr'>proxime</span> <span class='ocrx_word' id='word_1_190' title='bbox 2179 2882 2303 2947; x_wconf 85' lang='lat' dir='ltr'>fuit</span> <span class='ocrx_word' id='word_1_191' title='bbox 2385 2882 2639 2967; x_wconf 86' lang='lat' dir='ltr'>legatus</span> <span class='ocrx_word' id='word_1_192' title='bbox 2710 2879 2763 2941; x_wconf 91' lang='lat' dir='ltr'>in</span> 
     </span>
     <span class='ocr_line' id='line_1_25' title="bbox 448 2987 2762 3075; baseline -0.002 -19"><span class='ocrx_word' id='word_1_193' title='bbox 448 2990 833 3057; x_wconf 87' lang='lat' dir='ltr'>Alemannia</span> <span class='ocrx_word' id='word_1_194' title='bbox 863 2997 930 3056; x_wconf 91' lang='lat' dir='ltr'>et</span> <span class='ocrx_word' id='word_1_195' title='bbox 959 2990 1328 3075; x_wconf 88' lang='lat' dir='ltr'>hospitatus</span> <span class='ocrx_word' id='word_1_196' title='bbox 1355 2994 1454 3053; x_wconf 90' lang='lat' dir='ltr'>est</span> <span class='ocrx_word' id='word_1_197' title='bbox 1486 2987 1663 3071; x_wconf 89' lang='lat' dir='ltr'>apud</span> <span class='ocrx_word' id='word_1_198' title='bbox 1693 2987 2156 3071; x_wconf 86' lang='lat' dir='ltr'>praedicatores</span> <span class='ocrx_word' id='word_1_199' title='bbox 2191 2987 2475 3053; x_wconf 71' lang='lat' dir='ltr'>Coloniae</span> <span class='ocrx_word' id='word_1_200' title='bbox 2506 2989 2571 3052; x_wconf 91' lang='lat' dir='ltr'>in</span> <span class='ocrx_word' id='word_1_201' title='bbox 2598 3004 2762 3071; x_wconf 88' lang='lat' dir='ltr'>quem</span> 
     </span>
     <span class='ocr_line' id='line_1_26' title="bbox 447 3092 2757 3177; baseline -0.004 -15"><span class='ocrx_word' id='word_1_202' title='bbox 447 3117 702 3162; x_wconf 90' lang='lat' dir='ltr'>omnem</span> <span class='ocrx_word' id='word_1_203' title='bbox 762 3095 1066 3162; x_wconf 89' lang='lat' dir='ltr'>fiduciam</span> <span class='ocrx_word' id='word_1_204' title='bbox 1112 3117 1296 3162; x_wconf 88' lang='lat' dir='ltr'>suam</span> <span class='ocrx_word' id='word_1_205' title='bbox 1343 3095 1773 3171; x_wconf 87' lang='lat' dir='ltr'>collocarunt,</span> <span class='ocrx_word' id='word_1_206' title='bbox 1861 3092 2016 3177; x_wconf 91' lang='lat' dir='ltr'>quia</span> <span class='ocrx_word' id='word_1_207' title='bbox 2064 3093 2264 3159; x_wconf 89' lang='lat' dir='ltr'>etiam</span> <span class='ocrx_word' id='word_1_208' title='bbox 2324 3094 2633 3161; x_wconf 87' lang='lat' dir='ltr'>thomista</span> <span class='ocrx_word' id='word_1_209' title='bbox 2674 3095 2757 3156; x_wconf 87' lang='lat' dir='ltr'>est</span> 
     </span>
     <span class='ocr_line' id='line_1_27' title="bbox 449 3198 2762 3286; baseline -0.003 -19"><span class='ocrx_word' id='word_1_210' title='bbox 449 3206 518 3267; x_wconf 89' lang='lat' dir='ltr'>et</span> <span class='ocrx_word' id='word_1_211' title='bbox 580 3202 739 3267; x_wconf 90' lang='lat' dir='ltr'>nihil</span> <span class='ocrx_word' id='word_1_212' title='bbox 797 3203 920 3268; x_wconf 89' lang='lat' dir='ltr'>scit</span> <span class='ocrx_word' id='word_1_213' title='bbox 989 3202 1056 3267; x_wconf 89' lang='lat' dir='ltr'>in</span> <span class='ocrx_word' id='word_1_214' title='bbox 1112 3202 1277 3286; x_wconf 86' lang='lat' dir='ltr'>jure.</span> <span class='ocrx_word' id='word_1_215' title='bbox 1388 3201 1673 3285; x_wconf 91' lang='lat' dir='ltr'>Ideoque</span> <span class='ocrx_word' id='word_1_216' title='bbox 1745 3199 1983 3265; x_wconf 87' lang='lat' dir='ltr'>dicitur</span> <span class='ocrx_word' id='word_1_217' title='bbox 2040 3220 2183 3265; x_wconf 89' lang='lat' dir='ltr'>esse</span> <span class='ocrx_word' id='word_1_218' title='bbox 2238 3198 2449 3266; x_wconf 88' lang='lat' dir='ltr'>hostis</span> <span class='ocrx_word' id='word_1_219' title='bbox 2506 3198 2762 3265; x_wconf 88' lang='lat' dir='ltr'>omnium</span> 
     </span>
     <span class='ocr_line' id='line_1_28' title="bbox 437 3302 2761 3392; baseline -0.003 -19"><span class='ocrx_word' id='word_1_220' title='bbox 437 3306 844 3392; x_wconf 84' lang='lat' dir='ltr'>juristarum.</span> <span class='ocrx_word' id='word_1_221' title='bbox 951 3308 1142 3372; x_wconf 88' lang='lat' dir='ltr'>Eruit</span> <span class='ocrx_word' id='word_1_222' title='bbox 1195 3306 1393 3391; x_wconf 85' lang='lat' dir='ltr'>igitur</span> <span class='ocrx_word' id='word_1_223' title='bbox 1455 3328 1559 3371; x_wconf 91' lang='lat' dir='ltr'>me</span> <span class='ocrx_word' id='word_1_224' title='bbox 1618 3305 2024 3390; x_wconf 88' lang='lat' dir='ltr'>omnipotens</span> <span class='ocrx_word' id='word_1_225' title='bbox 2084 3306 2260 3371; x_wconf 90' lang='lat' dir='ltr'>Deus</span> <span class='ocrx_word' id='word_1_226' title='bbox 2326 3327 2409 3371; x_wconf 85' lang='lat' dir='ltr'>ex</span> <span class='ocrx_word' id='word_1_227' title='bbox 2485 3302 2761 3371; x_wconf 87' lang='lat' dir='ltr'>dentibus</span> 
     </span>
     <span class='ocr_line' id='line_1_29' title="bbox 445 3410 2758 3499; baseline -0.004 -21"><span class='ocrx_word' id='word_1_228' title='bbox 445 3412 620 3479; x_wconf 87' lang='lat' dir='ltr'>illius</span> <span class='ocrx_word' id='word_1_229' title='bbox 667 3412 779 3499; x_wconf 88' lang='lat' dir='ltr'>qui</span> <span class='ocrx_word' id='word_1_230' title='bbox 824 3433 926 3479; x_wconf 90' lang='lat' dir='ltr'>me</span> <span class='ocrx_word' id='word_1_231' title='bbox 969 3410 1244 3490; x_wconf 89' lang='lat' dir='ltr'>fidelem,</span> <span class='ocrx_word' id='word_1_232' title='bbox 1296 3418 1370 3477; x_wconf 90' lang='lat' dir='ltr'>ut</span> <span class='ocrx_word' id='word_1_233' title='bbox 1416 3432 1627 3497; x_wconf 90' lang='lat' dir='ltr'>spero,</span> <span class='ocrx_word' id='word_1_234' title='bbox 1676 3432 1933 3475; x_wconf 87' lang='lat' dir='ltr'>servum</span> <span class='ocrx_word' id='word_1_235' title='bbox 1964 3432 2152 3477; x_wconf 90' lang='lat' dir='ltr'>suum</span> <span class='ocrx_word' id='word_1_236' title='bbox 2198 3432 2323 3476; x_wconf 88' lang='lat' dir='ltr'>non</span> <span class='ocrx_word' id='word_1_237' title='bbox 2360 3410 2758 3493; x_wconf 87' lang='lat' dir='ltr'>derelinquet.</span> 
     </span>
    </p>

    <p class='ocr_par' dir='ltr' id='par_1_4' title="bbox 444 3516 2759 4233">
     <span class='ocr_line' id='line_1_30' title="bbox 625 3516 2758 3602; baseline -0.005 -17"><span class='ocrx_word' id='word_1_238' title='bbox 625 3518 972 3602; x_wconf 89' lang='lat' dir='ltr'>Superiore</span> <span class='ocrx_word' id='word_1_239' title='bbox 1007 3518 1111 3583; x_wconf 90' lang='lat' dir='ltr'>die</span> <span class='ocrx_word' id='word_1_240' title='bbox 1157 3518 1358 3583; x_wconf 84' lang='lat' dir='ltr'>missa</span> <span class='ocrx_word' id='word_1_241' title='bbox 1397 3522 1499 3583; x_wconf 87' lang='lat' dir='ltr'>est</span> <span class='ocrx_word' id='word_1_242' title='bbox 1530 3516 1684 3581; x_wconf 85' lang='lat' dir='ltr'>mihi</span> <span class='ocrx_word' id='word_1_243' title='bbox 1721 3518 1921 3585; x_wconf 86' lang='lat' dir='ltr'>Roma</span> <span class='ocrx_word' id='word_1_244' title='bbox 1959 3516 2257 3583; x_wconf 86' lang='lat' dir='ltr'>inhibitio</span> <span class='ocrx_word' id='word_1_245' title='bbox 2288 3524 2518 3582; x_wconf 89' lang='lat' dir='ltr'>contra</span> <span class='ocrx_word' id='word_1_246' title='bbox 2562 3530 2758 3580; x_wconf 88' lang='lat' dir='ltr'>omnes</span> 
     </span>
     <span class='ocr_line' id='line_1_31' title="bbox 444 3620 2759 3708; baseline -0.004 -19"><span class='ocrx_word' id='word_1_247' title='bbox 444 3625 899 3692; x_wconf 87' lang='lat' dir='ltr'>molestatores</span> <span class='ocrx_word' id='word_1_248' title='bbox 947 3644 1142 3701; x_wconf 90' lang='lat' dir='ltr'>meos,</span> <span class='ocrx_word' id='word_1_249' title='bbox 1187 3644 1268 3688; x_wconf 92' lang='lat' dir='ltr'>ne</span> <span class='ocrx_word' id='word_1_250' title='bbox 1314 3622 1460 3708; x_wconf 88' lang='lat' dir='ltr'>quis</span> <span class='ocrx_word' id='word_1_251' title='bbox 1506 3621 1755 3707; x_wconf 86' lang='lat' dir='ltr'>aliquid</span> <span class='ocrx_word' id='word_1_252' title='bbox 1800 3621 1997 3687; x_wconf 88' lang='lat' dir='ltr'>verbo</span> <span class='ocrx_word' id='word_1_253' title='bbox 2044 3621 2146 3687; x_wconf 83' lang='lat' dir='ltr'>vel</span> <span class='ocrx_word' id='word_1_254' title='bbox 2190 3642 2387 3706; x_wconf 90' lang='lat' dir='ltr'>opere</span> <span class='ocrx_word' id='word_1_255' title='bbox 2420 3620 2759 3703; x_wconf 69' lang='lat' dir='ltr'>,attemptet</span> 
     </span>
     <span class='ocr_line' id='line_1_32' title="bbox 445 3724 2754 3812; baseline -0.004 -17"><span class='ocrx_word' id='word_1_256' title='bbox 445 3734 672 3797; x_wconf 86' lang='lat' dir='ltr'>contra</span> <span class='ocrx_word' id='word_1_257' title='bbox 718 3750 819 3795; x_wconf 90' lang='lat' dir='ltr'>me</span> <span class='ocrx_word' id='word_1_258' title='bbox 867 3735 935 3795; x_wconf 89' lang='lat' dir='ltr'>et</span> <span class='ocrx_word' id='word_1_259' title='bbox 964 3728 1216 3795; x_wconf 90' lang='lat' dir='ltr'>libellos</span> <span class='ocrx_word' id='word_1_260' title='bbox 1247 3749 1444 3809; x_wconf 79' lang='lat' dir='ltr'>meOS,</span> <span class='ocrx_word' id='word_1_261' title='bbox 1491 3733 1629 3793; x_wconf 84' lang='lat' dir='ltr'>tam</span> <span class='ocrx_word' id='word_1_262' title='bbox 1662 3727 1921 3795; x_wconf 88' lang='lat' dir='ltr'>oculare</span> <span class='ocrx_word' id='word_1_263' title='bbox 1954 3726 2287 3811; x_wconf 87' lang='lat' dir='ltr'>speculum</span> <span class='ocrx_word' id='word_1_264' title='bbox 2320 3748 2515 3812; x_wconf 86' lang='lat' dir='ltr'>quam</span> <span class='ocrx_word' id='word_1_265' title='bbox 2558 3724 2754 3790; x_wconf 87' lang='lat' dir='ltr'>defen-</span> 
     </span>
     <span class='ocr_line' id='line_1_33' title="bbox 451 3831 2753 3919; baseline -0.003 -18"><span class='ocrx_word' id='word_1_266' title='bbox 451 3836 694 3902; x_wconf 89' lang='lat' dir='ltr'>sionem</span> <span class='ocrx_word' id='word_1_267' title='bbox 759 3855 970 3900; x_wconf 90' lang='lat' dir='ltr'>meam</span> <span class='ocrx_word' id='word_1_268' title='bbox 1031 3834 1152 3899; x_wconf 88' lang='lat' dir='ltr'>sub</span> <span class='ocrx_word' id='word_1_269' title='bbox 1199 3833 1406 3919; x_wconf 89' lang='lat' dir='ltr'>poenis</span> <span class='ocrx_word' id='word_1_270' title='bbox 1453 3835 1738 3899; x_wconf 90' lang='lat' dir='ltr'>omnium</span> <span class='ocrx_word' id='word_1_271' title='bbox 1786 3854 2205 3898; x_wconf 91' lang='lat' dir='ltr'>censurarum</span> <span class='ocrx_word' id='word_1_272' title='bbox 2251 3832 2657 3907; x_wconf 90' lang='lat' dir='ltr'>nominatim,</span> <span class='ocrx_word' id='word_1_273' title='bbox 2699 3831 2753 3891; x_wconf 77' lang='lat' dir='ltr'>et</span> 
     </span>
     <span class='ocr_line' id='line_1_34' title="bbox 447 3931 2752 4024; baseline -0.006 -16"><span class='ocrx_word' id='word_1_274' title='bbox 447 3940 660 4008; x_wconf 87' lang='lat' dir='ltr'>adhuc</span> <span class='ocrx_word' id='word_1_275' title='bbox 719 3940 840 4006; x_wconf 88' lang='lat' dir='ltr'>sub</span> <span class='ocrx_word' id='word_1_276' title='bbox 898 3961 1089 4024; x_wconf 87' lang='lat' dir='ltr'>poena</span> <span class='ocrx_word' id='word_1_277' title='bbox 1146 3940 1341 4005; x_wconf 90' lang='lat' dir='ltr'>trium</span> <span class='ocrx_word' id='word_1_278' title='bbox 1403 3939 1673 4005; x_wconf 88' lang='lat' dir='ltr'>millium</span> <span class='ocrx_word' id='word_1_279' title='bbox 1732 3938 2116 4003; x_wconf 88' lang='lat' dir='ltr'>ducatorum</span> <span class='ocrx_word' id='word_1_280' title='bbox 2161 3940 2304 4004; x_wconf 89' lang='lat' dir='ltr'>auri</span> <span class='ocrx_word' id='word_1_281' title='bbox 2349 3959 2466 4022; x_wconf 91' lang='lat' dir='ltr'>pro</span> <span class='ocrx_word' id='word_1_282' title='bbox 2515 3931 2752 4001; x_wconf 84' lang='lat' dir='ltr'>dimidia</span> 
     </span>
     <span class='ocr_line' id='line_1_35' title="bbox 445 4034 2751 4131; baseline -0.005 -20"><span class='ocrx_word' id='word_1_283' title='bbox 445 4052 636 4131; x_wconf 86' lang='lat' dir='ltr'>parte</span> <span class='ocrx_word' id='word_1_284' title='bbox 685 4066 958 4113; x_wconf 74' lang='lat' dir='ltr'>camerae</span> <span class='ocrx_word' id='word_1_285' title='bbox 1003 4044 1379 4129; x_wconf 71' lang='lat' dir='ltr'>apostolicae</span> <span class='ocrx_word' id='word_1_286' title='bbox 1447 4050 1514 4109; x_wconf 88' lang='lat' dir='ltr'>et</span> <span class='ocrx_word' id='word_1_287' title='bbox 1559 4043 1811 4128; x_wconf 89' lang='lat' dir='ltr'>reliqua</span> <span class='ocrx_word' id='word_1_288' title='bbox 1857 4042 2123 4109; x_wconf 88' lang='lat' dir='ltr'>dimidia</span> <span class='ocrx_word' id='word_1_289' title='bbox 2168 4043 2325 4109; x_wconf 88' lang='lat' dir='ltr'>mihi</span> <span class='ocrx_word' id='word_1_290' title='bbox 2368 4044 2492 4127; x_wconf 90' lang='lat' dir='ltr'>ipsi</span> <span class='ocrx_word' id='word_1_291' title='bbox 2534 4034 2751 4125; x_wconf 86' lang='lat' dir='ltr'>persol-</span> 
     </span>
     <span class='ocr_line' id='line_1_36' title="bbox 446 4140 2747 4233; baseline -0.004 -16"><span class='ocrx_word' id='word_1_292' title='bbox 446 4151 819 4217; x_wconf 83' lang='lat' dir='ltr'>vendorum.</span> <span class='ocrx_word' id='word_1_293' title='bbox 910 4150 1071 4216; x_wconf 89' lang='lat' dir='ltr'>Eam</span> <span class='ocrx_word' id='word_1_294' title='bbox 1151 4148 1602 4217; x_wconf 90' lang='lat' dir='ltr'>inhibitionem</span> <span class='ocrx_word' id='word_1_295' title='bbox 1672 4148 2045 4233; x_wconf 89' lang='lat' dir='ltr'>imprimere</span> <span class='ocrx_word' id='word_1_296' title='bbox 2124 4146 2291 4215; x_wconf 84' lang='lat' dir='ltr'>facio</span> <span class='ocrx_word' id='word_1_297' title='bbox 2355 4153 2420 4213; x_wconf 89' lang='lat' dir='ltr'>et</span> <span class='ocrx_word' id='word_1_298' title='bbox 2494 4140 2747 4213; x_wconf 81' lang='lat' dir='ltr'>Coloniae</span> 
     </span>
    </p>
   </div>
   <div class='ocr_carea' id='block_1_3' title="bbox 1590 4292 1625 4333">
    <p class='ocr_par' dir='ltr' id='par_1_5' title="bbox 1590 4292 1625 4333">
     <span class='ocr_line' id='line_1_37' title="bbox 1590 4292 1625 4333; baseline 0 0"><span class='ocrx_word' id='word_1_299' title='bbox 1590 4292 1625 4333; x_wconf 69' lang='lat'>²1⁸</span> 
     </span>
    </p>
   </div>
   <div class='ocr_carea' id='block_1_4' title="bbox 450 4390 2742 4541">
    <p class='ocr_par' dir='ltr' id='par_1_6' title="bbox 450 4390 2742 4541">
     <span class='ocr_line' id='line_1_38' title="bbox 597 4390 2742 4465; baseline -0.001 -17"><span class='ocrx_word' id='word_1_300' title='bbox 597 4405 622 4449; x_wconf 87' lang='lat'>1</span> <span class='ocrx_word' id='word_1_301' title='bbox 662 4402 815 4453; x_wconf 88' lang='lat' dir='ltr'>Diese</span> <span class='ocrx_word' id='word_1_302' title='bbox 871 4398 1367 4455; x_wconf 70' lang='lat' dir='ltr'>unverstttndlichen</span> <span class='ocrx_word' id='word_1_303' title='bbox 1430 4406 1609 4465; x_wconf 80' lang='lat' dir='ltr'>worte,</span> <span class='ocrx_word' id='word_1_304' title='bbox 1670 4413 1823 4453; x_wconf 85' lang='lat' dir='ltr'>mscr.</span> <span class='ocrx_word' id='word_1_305' title='bbox 1995 4403 2023 4453; x_wconf 84' lang='lat'><strong>2</strong></span> <span class='ocrx_word' id='word_1_306' title='bbox 2060 4400 2214 4456; x_wconf 87' lang='lat' dir='ltr'>Peter</span> <span class='ocrx_word' id='word_1_307' title='bbox 2273 4397 2575 4455; x_wconf 81' lang='lat' dir='ltr'>Ankonitan</span> <span class='ocrx_word' id='word_1_308' title='bbox 2629 4390 2742 4448; x_wconf 86' lang='lat' dir='ltr'>oben</span> 
     </span>
     <span class='ocr_line' id='line_1_39' title="bbox 450 4486 1811 4541; baseline -0.001 0"><span class='ocrx_word' id='word_1_309' title='bbox 450 4501 566 4541; x_wconf 85' lang='lat' dir='ltr'>nro.</span> <span class='ocrx_word' id='word_1_310' title='bbox 605 4486 778 4541; x_wconf 83' lang='lat' dir='ltr'>CCIV.</span> <span class='ocrx_word' id='word_1_311' title='bbox 1804 4504 1811 4508; x_wconf 90' lang='lat'><strong>·</strong></span> 
     </span>
    </p>
   </div>
   <div class='ocr_carea' id='block_1_5' title="bbox 2899 1030 2913 5016">
    <p class='ocr_par' dir='ltr' id='par_1_7' title="bbox 2899 1030 2913 5016">
     <span class='ocr_line' id='line_1_40' title="bbox 2899 1030 2913 5016; baseline 0 0"><span class='ocrx_word' id='word_1_312' title='bbox 2899 1030 2913 5016; x_wconf 95' lang='lat' dir='ltr'> </span> 
     </span>
    </p>
   </div>
  </div>
 </body>
</html>
