2950 5042
1242 408 1369 477 115

194 598 357 663 nimio
397 597 520 663 situ
550 596 949 683 squalentem
994 603 1065 667 et
1108 619 1227 667 suo
1276 598 1608 667 viduatam
1653 599 2000 685 splendore
2045 600 2142 667 ita
2183 600 2470 669 illustra-

194 705 283 782 vit,
331 709 398 768 ut
426 702 771 771 Hermolao
816 703 1107 771 Barbaro
1152 710 1223 770 et
1266 704 1670 792 Argyropylo
1715 704 2030 791 Byzantio
2077 706 2476 793 praceptori-

193 808 289 873 bus
330 808 517 893 (quod
562 810 845 894 quodam
887 810 1031 876 loco
1071 811 1087 848 ¹
1138 809 1502 896 adnotasti)
1549 810 1702 877 olim
1749 812 1881 879 tuis
1927 812 2076 879 hinc
2105 811 2294 899 longe
2324 812 2474 899 plus

190 915 381 980 nitoris
432 915 744 981 attulerit.
836 914 951 981 Ille
998 916 1167 983 enim
1234 920 1499 1001 praeter
1556 916 1882 985 latinitate
1931 918 2244 985 donatum
2288 940 2477 1005 para-

190 1020 457 1103 phrasten
532 1020 955 1087 Themistium
1038 1028 1107 1087 et
1184 1021 1610 1089 Dioscoriden
1691 1022 1906 1089 adhuc
1971 1044 2014 1089 a
2083 1022 2476 1109 quibusdam

190 1146 561 1209 suppressum
643 1146 875 1221 parum
950 1127 1125 1211 quod
1200 1126 1461 1213 quidem
1537 1128 1788 1195 editum
1863 1129 1950 1195 sit
2047 1128 2476 1211 elucubravit,

190 1231 324 1296 alter
363 1237 564 1298 totam
596 1232 968 1299 Aristotelis
1010 1232 1484 1318 philosophiam
1522 1235 1588 1299 in
1619 1234 1892 1301 latinum
1925 1256 1960 1301 e
1993 1254 2228 1319 graeco
2259 1234 2476 1315 vertit,

191 1337 279 1401 sed
317 1338 563 1418 nudam,
610 1337 937 1423 nullisque
966 1338 1367 1405 illustratam
1397 1340 1897 1421 commentariis,
1947 1360 2078 1425 quo
2123 1339 2474 1425 legentium

190 1450 392 1509 mentes
442 1443 727 1510 obscura
756 1445 897 1529 ejus
938 1442 1307 1529 philosophi
1350 1464 1546 1511 sensa
1589 1444 1848 1511 facilius
1893 1444 2280 1532 intelligant.
2349 1444 2474 1511 Hic

191 1569 305 1613 vero
342 1550 839 1635 peripateticam
884 1548 1247 1615 doctrinam
1290 1550 1387 1615 ita
1430 1550 1722 1617 reddidit
1764 1551 2054 1635 perviam
2073 1600 2090 1633 ,
2137 1556 2218 1617 ut
2259 1570 2474 1637 neque

198 1654 473 1723 Ammonio
535 1676 753 1741 neque
810 1654 1137 1740 Simplicio
1202 1661 1321 1721 aut
1368 1654 1724 1740 Philopono
1773 1656 1910 1741 jam
1968 1656 2059 1722 sit
2111 1676 2295 1741 opus.
2386 1655 2474 1737 Is,

205 1757 423 1842 inquam,
476 1761 943 1827 celeberrimus
994 1762 1111 1841 vir,
1158 1782 1305 1827 cum
1352 1781 1467 1847 830
1499 1761 1677 1846 apud
1709 1760 1990 1827 Parisios
2022 1758 2470 1847 philosophiae

204 1864 503 1933 studiorum
563 1866 820 1934 assecla
874 1866 1177 1952 degerem
1196 1916 1213 1947 ‚
1280 1866 1439 1931 mihi
1496 1866 1690 1951 opido
1751 1866 2088 1933 familiaris
2135 1866 2278 1947 fuit,
2341 1886 2470 1951 quo

192 1967 379 2037 factum
424 1979 557 2055 est,
620 1979 700 2039 ut
756 1977 825 2039 et
878 1972 947 2037 in
992 1971 1406 2039 Germaniam
1452 1992 1716 2039 reverso
1759 1971 1918 2037 mihi
1964 1970 2044 2039 de
2090 1971 2290 2039 rebus
2335 1972 2472 2039 suis

189 2093 621 2163 nonnumquam
650 2077 1003 2162 scripserit.
1080 2078 1167 2144 Et
1213 2076 1520 2162 quoniam
1567 2076 1806 2143 Cusani
1876 2077 2158 2143 omnium
2204 2076 2470 2144 Germa-

187 2199 369 2245 norum
429 2183 795 2250 doctissimi
855 2203 1059 2267 opera
1124 2204 1165 2249 a
1220 2203 1289 2250 se
1352 2182 1684 2267 recognita
1727 2182 2138 2267 impressioni
2205 2182 2471 2249 tradere

183 2284 231 2347 in
280 2288 473 2356 animo
532 2288 741 2355 habet
772 2288 815 2369 ²,
870 2288 1095 2373 elapso
1151 2288 1289 2373 jam
1348 2294 1644 2373 tempore
1699 2309 1818 2378 per
1861 2287 2090 2354 literas
2133 2306 2176 2353 a
2220 2308 2324 2355 me
2369 2310 2474 2355 ro·

179 2394 331 2473 gavit,
384 2402 475 2475 ut,
540 2395 603 2461 si
658 2416 819 2473 quae
876 2398 1291 2479 superessent
1352 2395 1492 2479 ejus
1537 2394 1657 2459 viri
1705 2392 2038 2479 opuscula,
2083 2393 2472 2477 praesertim

179 2496 571 2567 Directorium
629 2500 1029 2585 speculantis
1076 2500 1251 2585 quod
1298 2499 1648 2565 Tritemius
1695 2499 1760 2563 in
1795 2498 2090 2583 catalogo
2124 2520 2238 2565 suo
2267 2499 2474 2583 ponit,

178 2605 412 2671 exscribi
456 2628 781 2673 curarem.
858 2606 1027 2673 Dedi
1062 2608 1201 2691 jam
1248 2626 1365 2691 838
1412 2626 1680 2691 operam
1725 2604 1906 2689 apud
1953 2602 2194 2670 multos
2237 2610 2316 2669 ut
2360 2604 2476 2670 ali-

177 2709 299 2789 quid
340 2712 811 2799 conquirerem,
856 2734 1001 2778 cum
1047 2712 1419 2795 Moguntiae
1464 2709 1642 2795 apud
1687 2707 2209 2775 Gresemundum
2241 2708 2285 2789 ⁸,
2330 2714 2472 2773 tum

176 2811 430 2904 Friburgi
486 2818 672 2905 apud
717 2818 1103 2905 Gregorium
1145 2816 1463 2885 Ruchium
1509 2815 1884 2883 Cartusium
1911 2815 1961 2896 ⁴,
2007 2812 2178 2899 quod
2225 2814 2284 2879 is
2327 2812 2476 2881 visi-

1287 2989 1323 3028 *

176 3096 460 3170 hinneigung
505 3117 569 3153 zu
606 3099 807 3152 Luther
848 3096 1105 3163 verfolgt,
1148 3093 1298 3147 flieht
1334 3110 1389 3145 er
1424 3093 1562 3144 nach
1603 3091 1914 3158 Strassburg
1955 3091 2116 3157 1525,
2166 3088 2297 3141 wird
2343 3087 2471 3141 aber

177 3187 302 3240 sehon
342 3194 471 3243 1526
517 3188 684 3241 durch
722 3188 887 3239 Franz
924 3188 950 3237 1
989 3182 1408 3236 zuriickberufen
1448 3181 1556 3232 und
1591 3180 1746 3232 stirbt
1789 3182 1940 3242 1536,
1977 3178 2084 3246 vgl.
2117 3180 2185 3231 K.
2219 3178 2290 3230 H.
2316 3176 2470 3230 Gra&

176 3274 369 3331 Jacobus
415 3280 597 3331 Faber
644 3276 973 3345 stapulensis
1016 3274 1071 3325 in
1121 3272 1214 3324 der
1263 3271 1506 3323 zeitschr.
1558 3270 1643 3321 mr
1691 3266 1816 3320 hist.
1855 3267 2016 3319 theol.
2063 3268 2196 3317 1852
2237 3282 2279 3319 8.
2318 3268 2348 3317 8
2387 3264 2470 3316 bis

181 3363 239 3427 87,
268 3382 306 3506 si
344 3368 574 3523 11331118),ἓῖ
610 3368 763 3521 21ξί8]
814 3454 868 3503 in
922 3452 1013 3503 der
1059 3447 1277 3501 voi-rede
1322 3462 1387 3497 zu
1434 3444 1536 3495 den
1583 3443 1895 3495 Rudimenta
1941 3442 2139 3508 lingua
2187 3440 2468 3491 Hebraico

183 3540 345 3593 men-⁷.
388 3546 527 3597 1506
568 3560 607 3595 s.
648 3560 695 3593 o.
736 3557 847 3592 nro.
884 3538 1143 3591 LXXXV.
1292 3540 1320 3585 2
1365 3536 1477 3584 Den
1516 3532 1666 3595 Plan,
1702 3531 1787 3581 die
1826 3530 2000 3581 werke
2039 3529 2130 3580 des
2170 3528 2315 3578 Cusa
2349 3526 2465 3576 her·

186 3634 502 3699 auszugeben,
554 3632 646 3681 hat
683 3631 853 3681 Faber
898 3627 1039 3679 wohl
1088 3630 1267 3693 spater
1310 3622 1473 3673 fallen
1527 3622 1721 3671 lassen.
1869 3620 1898 3667 3
1937 3601 2085 3667 i‘Jber
2131 3611 2466 3665 Theodorich

192 3714 461 3772 Gresemund
500 3719 611 3786 vgl.
648 3719 903 3785 Riegger,
943 3718 1147 3767 Amoen.
1187 3714 1288 3764 litt.
1328 3710 1572 3776 Friburg.
1605 3708 1822 3775 passim.
1951 3709 1983 3753 4
2021 3704 2224 3769 Gregor
2260 3700 2471 3762 Reisch,

187 3802 292 3857 Prior
324 3809 411 3861 der
437 3808 735 3861 Carthause
772 3807 869 3857 auf
900 3804 1015 3855 dem
1040 3804 1113 3855 St.
1138 3800 1536 3864 ,Iohannisberg
1569 3798 1626 3845 in
1653 3794 1922 3858 Freiburg,
1961 3793 2048 3842 ein
2077 3788 2468 3841 wissenschaft-

181 3888 259 3944 lieh
297 3898 501 3965 tiicbtig
546 3896 843 3964 gebildeter
894 3908 1073 3955 mann,
1123 3890 1383 3941 versasser
1432 3887 1526 3937 der
1571 3884 1857 3950 margarita
1906 3878 2302 3945 philosophica,
2351 3875 2470 3925 mit-

182 3984 366 4038 arbeiter
408 4004 476 4039 an
525 3986 617 4037 der
664 3981 897 4051 ausgabe
941 3980 1033 4032 der
1080 3980 1255 4030 werke
1302 3976 1395 4027 des
1442 3974 1798 4038 Hieronymus
1845 3968 2022 4033 (Basel
2066 3966 2242 4033 1516),
2293 3962 2472 4013 1811181·

178 4067 351 4125 Johann
384 4075 557 4139 Ecks,
610 4074 697 4125 bei
735 4072 912 4121 kaiser
950 4068 1279 4119 Maximilian
1316 4066 1371 4114 in
1422 4076 1658 4129 grossam
1704 4064 2003 4119 vei-tranen,
2051 4054 2145 4105 der
2191 4054 2248 4103 in
2296 4051 2471 4101 seiner

179 4162 503 4217 sterbestundc
539 4162 675 4215 nach
714 4162 823 4211 ihm
863 4157 1119 4223 verlangt.
1180 4154 1300 4221 vgl.
1344 4152 1718 4209 Wiedemann,
1753 4145 1877 4197 Joh.
1914 4144 2028 4195 Eck
2063 4160 2107 4195 8.
2151 4144 2216 4191 22
2256 4139 2327 4205 fg.
2402 4138 2473 4189 Er

178 4250 331 4309 gehon-t
362 4270 421 4305 zu
460 4252 649 4314 denen,
688 4250 773 4300 die
815 4264 917 4298 von
944 4247 1085 4297 Max.
1124 4244 1224 4293 den
1262 4243 1472 4306 ausu-ag
1511 4238 1762 4299 erhalten‚
1800 4236 1932 4286 iiber
1965 4231 2050 4283 die
2081 4227 2470 4294 judenbiicher-

177 4334 295 4402 stage
326 4343 404 4393 ein
441 4341 730 4410 gutacbtcn
769 4336 1075 4401 abzugegen
1113 4331 1221 4382 und
1260 4330 1345 4380 die
1383 4331 1453 4378 im
1493 4331 1777 4393 gegensatz
1829 4335 1998 4387 383811
2051 4316 2335 4378 3811811Ιί11,
2384 4314 2472 4365 dic

179 4430 567 4497 unterdriickung
606 4426 741 4479 aller
786 4424 986 4475 biicher
1022 4421 1117 4471 mit
1154 4419 1439 4471 ausnahme
1491 4417 1581 4465 der
1629 4411 1774 4464 bihel
1813 4410 1898 4459 fiir
1934 4406 2160 4472 3111111811
2209 4403 2314 4453 und
2353 4401 2470 4453 1611-

181 4508 268 4565 lich
300 4521 545 4572 erachten.
609 4516 701 4566 1111·
722 4513 1015 4565 Gutacbten
1052 4512 1139 4562 bei
1175 4506 1431 4571 Bocking,
1475 4502 1699 4553 Hutteni
1727 4498 1900 4564 Opera
1925 4495 2078 4645 vg’as·
2111 4496 2208 4543 104
2233 4491 2318 4543 bis
2352 4492 2466 4539 107.
