2950 5042
1545 399 1678 467 324

442 588 889 677 Xenophontis
934 590 1115 658 illam
1168 590 1648 712 jucunditatem
1696 590 2153 670 inaffectatam,
2201 590 2316 657 sed
2360 612 2544 676 quam
2585 587 2741 654 nulla

442 693 764 763 affectatis
827 696 1135 781 consequi
1192 696 1419 784 possit,
1481 702 1555 762 ut
1610 697 1748 782 ipse
1813 717 2169 762 sermonem
2233 697 2452 780 graecis
2507 693 2740 760 finxisse

436 802 753 882 videatur,
824 803 885 868 in
941 803 1123 887 cujus
1152 782 1391 872 “labris
1416 801 1690 880 sederit
1755 801 2048 888 quaedam
2097 801 2524 886 persuadendi
2579 797 2734 865 deaf‘

441 907 653 986 Quare
702 930 743 974 a
805 909 1164 992 priscorum
1226 902 1677 974 eruditissimis
1738 909 1956 980 ἀττικῆ
2005 908 2222 1009 μέλιτα
2269 905 2743 1000 cognominatur.

441 1012 641 1080 Suida
680 1016 700 1052 ¹
747 1019 915 1080 teste
969 1020 1036 1078 et
1079 1012 1200 1078 hoc
1230 1033 1277 1077 a
1302 1012 1524 1079 multis
1557 1019 1750 1078 aetate
1799 1020 2024 1078 nostra
2067 986 2494 1096 scriptoribus
2527 1010 2742 1082 distare

444 1118 749 1198 cernitur,
798 1118 973 1204 quod
1018 1117 1221 1184 voluit
1264 1117 1555 1204 intelligi.

622 1222 714 1288 Ut
769 1223 966 1307 igitur
1022 1222 1355 1290 auditores
1400 1225 1545 1304 mei,
1609 1243 1884 1308 quorum
1946 1224 2172 1309 ingens
2235 1231 2335 1290 est
2397 1230 2465 1288 et
2523 1223 2583 1286 in
2627 1219 2746 1284 dies

442 1333 721 1411 augetur
751 1349 1077 1406 numerus,
1124 1326 1379 1393 libellos
1408 1327 1696 1394 habeant
1735 1328 2011 1414 quisque
2042 1350 2195 1394 suos
2241 1349 2281 1392 a
2326 1349 2430 1394 me
2463 1326 2582 1392 sibi
2609 1346 2748 1410 prae-

438 1429 762 1515 legendos,
810 1438 884 1500 tu
929 1432 1019 1497 mi
1050 1431 1353 1513 Joannes,
1378 1431 1465 1498 ad
1509 1433 1768 1498 illorum
1802 1439 1867 1498 et
1899 1434 2170 1500 aliorum
2219 1433 2458 1519 ubique
2492 1431 2748 1517 gentium

437 1535 875 1603 studiosorum
920 1536 1262 1604 utilitatem
1328 1559 1407 1604 ea
1452 1537 1896 1623 Xenophontis
1955 1539 2268 1622 opuscula
2330 1535 2750 1619 florentissimi

436 1640 697 1708 Thomae
762 1643 1094 1709 Anshelmi
1152 1644 1433 1710 amantis
1488 1645 1694 1709 nostri
1739 1643 2032 1711 formulis
2081 1644 2311 1710 excudi
2357 1643 2536 1708 haud
2581 1639 2751 1724 negli-

432 1753 661 1830 genter
712 1769 926 1813 cures.
1018 1748 1094 1813 In
1154 1757 1219 1814 te
1276 1769 1532 1834 nanque
1605 1750 1800 1815 situm
1849 1757 1968 1828 est,
2031 1750 2377 1815 emendata
2427 1755 2656 1814 exeunt
2695 1746 2749 1808 in

435 1851 767 1936 publicum
814 1875 898 1918 an
960 1855 1289 1922 mendosa.
1370 1856 1584 1934 Quare
1632 1855 1929 1922 omnibus
1971 1855 2372 1922 scholasticis
2423 1872 2754 1938 graecarum

435 1955 774 2024 literarum
821 1959 1129 2026 studiosis
1174 1983 1311 2027 rem
1358 1962 1792 2044 gratissimam
1841 1961 2060 2040 facies,
2117 1962 2170 2026 si
2216 1961 2548 2044 prodeant
2589 1957 2752 2023 casti·

436 2067 606 2144 gata.
671 2064 831 2129 Vale
878 2064 1209 2144 foeliciter,
1256 2071 1325 2132 et
1368 2087 1471 2132 me
1520 2067 1614 2133 tui
1677 2066 2131 2150 expectatione
2178 2067 2318 2132 ocio
2365 2065 2750 2132 committere

440 2166 591 2232 noli.
641 2166 1003 2252 Anglopoli,
1049 2171 1257 2254 pridie
1305 2171 1397 2236 Id.
1445 2171 1720 2255 Apriles.
1812 2172 1996 2237 Anno
2035 2177 2222 2236 1520.

614 2275 936 2336 Gedruckt:
974 2297 1057 2336 =
1088 2298 1135 2339 ε.
1168 2297 1291 2340 ure.
1344 2279 1646 2341 CCXCIII.

1438 2464 1770 2532 CCXCIII.

579 2551 899 2618 (Bagauna.)
2021 2551 2176 2617 <nach
2226 2555 2284 2602 12
2326 2551 2480 2619 Apri]
2533 2551 2692 2618 3520.)

435 2639 612 2716 Viro
641 2640 1036 2742 prudentia
1064 2653 1136 2714 et
1162 2640 1515 2715 facundia
1553 2642 1738 2742 pari,
1768 2641 1820 2716 J
1823 2642 2104 2716 ohanni
2132 2641 2502 2716 Reuchlin
2539 2639 2750 2716 Phor-

430 2763 626 2837 censi
654 2763 806 2837 LL.
853 2764 1189 2859 Doctori,
1229 2763 1282 2837 J
1285 2763 1615 2838 ohannes
1647 2765 1972 2840 Secerius
2001 2765 2462 2838 Lauchensis
2492 2791 2548 2838 s,
2583 2762 2649 2837 d.
2686 2788 2748 2860 p.

606 2910 782 2977 Nihil
838 2933 990 2978 vero
1038 2912 1299 2978 suavius
1344 2912 1536 2991 mihi,
1607 2912 1764 2977 nihil
1821 2913 2141 2978 amoenius
2187 2911 2492 2979 accidere
2540 2910 2750 2996 potuit,

422 3015 548 3081 hac
592 3017 998 3101 potissimum
1048 3023 1453 3101 tempestate,
1514 3040 1708 3102 quam
1754 3026 1820 3084 te
1880 3019 2090 3102 virum
2139 3018 2302 3084 adeo
2350 3017 2656 3096 nobilem,
2697 3022 2753 3078 et

425 3121 826 3188 authoritate
872 3143 1122 3189 summa
1189 3129 1531 3208 tantopere
1595 3124 1936 3210 desyderio
2005 3123 2130 3190 mei
2177 3125 2341 3207 capi.
2438 3123 2563 3202 Qui
2621 3141 2750 3187 cum

427 3227 547 3293 sim
603 3235 844 3312 praeter
886 3230 1277 3314 imperitiam
1324 3231 1410 3296 ad
1457 3235 1697 3296 oaetera
1741 3229 1910 3296 male
1959 3230 2210 3309 sollers,
2257 3228 2419 3293 nihil
2468 3228 2652 3293 video
2693 3227 2752 3289 in

425 3353 529 3400 me
586 3333 737 3413 tale,
794 3335 968 3420 quod
1028 3357 1231 3420 usque
1286 3332 1455 3402 'adeo
1503 3357 1880 3420 permovere
1946 3343 2145 3420 queat
2198 3334 2520 3419 judicium
2566 3339 2749 3417 atque

426 3437 821 3505 voluntatem
868 3439 1066 3506 animi
1111 3441 1227 3506 tui.
1303 3441 1385 3506 Ni
1430 3442 1652 3507 forsan
1699 3463 1774 3508 eo
1823 3463 2029 3526 usque
2081 3441 2202 3506 tibi
2231 3447 2526 3520 conatus,
2574 3457 2750 3523 quem

422 3542 738 3609 hactenus
800 3538 927 3610 non
990 3566 1257 3630 prorsus
1317 3547 1718 3632 improspere
1772 3548 2028 3631 suscepi
2063 3547 2087 3586 ²
2131 3547 2467 3632 probetur,
2524 3545 2632 3630 qui
2675 3539 2748 3606 ob

422 3647 721 3714 festivam
769 3650 1043 3734 'ingenii
1122 3653 1218 3717 tui
1290 3653 1683 3718 comitatem
1753 3653 2106 3720 mediocria
2191 3653 2386 3718 etiam
2465 3646 2746 3716 maximis

422 3752 653 3820 efferre
715 3755 1018 3822 laudibus
1080 3778 1150 3822 es
1219 3757 1461 3824 solitus.
1556 3759 1690 3843 Ego
1753 3780 1907 3825 sane
1978 3758 2200 3824 multis
2265 3755 2634 3823 nominibus
2691 3756 2748 3818 et

420 3859 663 3926 habere
712 3867 778 3926 et
837 3861 1082 3928 referre
1144 3864 1265 3930 tibi
1320 3864 1596 3947 gratiam
1645 3863 1880 3944 debeo,
1930 3865 2043 3949 qui
2089 3863 2154 3930 in
2201 3863 2494 3929 adversis
2541 3879 2746 3927 conso·

420 3964 578 4032 laris
624 3967 846 4047 amice,
894 3969 960 4032 in
1006 3970 1339 4053 prosperis
1402 3969 1744 4036 confirmas
1791 3969 2173 4050 humaniter,
2219 3971 2282 4034 in
2331 3969 2652 4053 utrisque
2668 3964 2746 4028 vi·

420 4091 563 4137 rum
623 4078 899 4155 praestas
958 4074 1130 4158 frugi
1188 4082 1257 4141 et
1314 4081 1808 4159 temperantem,
1859 4075 2222 4159 exemplum
2294 4072 2616 4140 mehercle
2666 4066 2742 4134 ad

417 4175 707 4243 studium
754 4185 823 4245 et
868 4180 1159 4248 ornanda
1206 4181 1352 4248 vitae
1400 4179 1615 4248 officia
1659 4181 2003 4266 singulare.

608 4281 929 4349 Caeterum
990 4285 1057 4350 id
1112 4286 1286 4370 quod
1347 4293 1488 4352 tam
1543 4285 1795 4353 solicite
1850 4294 1925 4354 tu
1969 4286 2370 4353 admonebas
2413 4285 2496 4350 de
2543 4284 2716 4352 Xeno

1557 4416 1589 4455 *

564 4501 587 4548 1
630 4497 821 4551 Suidas
858 4518 903 4553 s.
945 4519 991 4554 v.
1030 4504 1337 4574 Xenophon.
1535 4513 1562 4559 2
1605 4484 1902 4578 Oetae-{pil}⁴
2013 4511 2544 4572 .³⁴*·¹†“24242„L÷2442,„

2545 4564 2552 4572 ‘
2567 4563 2689 4586 '⁴⁸·*·e³-
2717 4575 2730 4588 ,-
