2950 5042
1606 409 1696 478 20

477 601 732 673 tantam
778 596 1274 664 aestimationem
1315 597 1613 682 accipiet.
1706 587 1855 666 Alia
1898 599 2056 665 item
2105 599 2395 686 ejusdem
2432 602 2667 687 capitis
2705 601 2803 668 lex

478 703 599 768 ait:
659 704 804 770 Divi
853 703 1128 769 Severus
1175 709 1242 768 et
1273 701 1635 769 Antoninus
1681 705 2156 789 rescripserunt
2188 727 2299 772 eos
2344 706 2457 790 qui
2501 707 2568 772 in
2614 711 2805 772 testa-

479 815 698 875 mento
768 813 994 875 vetant
1054 807 1212 893 quid
1276 808 1549 878 alienari
1610 829 1729 876 nec
1795 831 2057 876 causam
2120 810 2489 895 exprimunt
2548 818 2807 896 propter

479 935 672 998 quam
731 914 798 979 id
854 913 996 980 fieri
1057 913 1259 980 volint
1323 915 1446 980 nisi
1508 913 1877 981 inveniatur
1938 937 2221 1000 persona
2284 917 2466 1000 cujus
2510 922 2806 1001 respectu

476 1018 599 1085 hoc
643 1041 686 1086 a
730 1024 1047 1085 testatore
1093 1021 1376 1102 positum
1423 1025 1524 1085 est
1571 1020 1809 1087 nullius
1858 1043 1999 1088 esse
2059 1021 2369 1088 momenti
2426 1022 2806 1107 scripturam

477 1125 666 1210 quasi
709 1124 951 1194 nudum
998 1113 1394 1208 praeceptum
1455 1124 1841 1210 reliquerint
1886 1126 1987 1192 vel
2032 1127 2187 1212 quia
2243 1126 2441 1192 talem
2497 1127 2705 1212 legem
2746 1126 2807 1191 in

479 1235 871 1296 testamento
919 1250 1046 1293 non
1085 1235 1361 1313 possunt
1406 1229 1645 1296 dicere.

657 1335 922 1400 Certum
981 1341 1082 1399 est
1136 1333 1386 1418 itaque,
1448 1335 1538 1399 mi
1592 1334 1865 1416 Jacobe‚
1923 1357 2135 1423 neque
2194 1337 2533 1422 qualitatis
2593 1355 2810 1420 graecae

478 1440 712 1524 linguae
747 1438 1228 1506 ‹Praedicator-es
1293 1439 1611 1512 hactenus
1666 1461 1941 1524 capaces
1988 1463 2197 1526 neque
2244 1442 2609 1530 Legatariis
2662 1441 2809 1524 ipsis

477 1545 600 1610 tali
644 1544 872 1610 relicto
920 1543 1107 1609 valde
1155 1543 1520 1610 consultum
1565 1544 1783 1611 fuisse.
1862 1545 1991 1615 Sed
2038 1547 2237 1612 doceo
2284 1568 2395 1612 sus
2438 1547 2811 1611 Minervam.

479 1651 565 1715 Et
607 1648 752 1715 finis
812 1648 1074 1713 tandem
1130 1648 1215 1713 sit
1262 1649 1580 1744 epistolae,
1642 1651 1697 1715 si
1750 1650 1931 1733 prius
1987 1657 2053 1716 te
2102 1672 2588 1732 commonuero,
2658 1649 2808 1714 nihil

479 1755 552 1820 R.
599 1756 668 1822 P.
717 1755 1081 1831 literarum,
1138 1753 1295 1818 nihil
1341 1754 1551 1820 doctis
1595 1753 1892 1820 omnibus
1938 1760 2073 1820 tam
2122 1757 2553 1839 perniciosum
2622 1775 2810 1839 quam

477 1866 744 1926 cunctos
793 1858 1108 1924 bonarum
1156 1880 1372 1922 rerum
1419 1857 1623 1923 libros
1669 1880 1799 1924 una
1830 1858 2237 1926 Bibliotheca
2272 1861 2437 1926 velle
2468 1859 2808 1926 recludere

475 1964 577 2028 vel
637 1985 762 2028 non
818 1964 1034 2046 potius
1087 1961 1282 2026 malle
1339 1962 1747 2028 omnifariam
1803 1985 1945 2030 esse
1992 1965 2393 2032 distributos.
2485 1967 2685 2032 Teste
2734 1965 2813 2028 sit

473 2069 842 2133 incendium
902 2066 1408 2132 Alexandrinum
1456 2089 1584 2151 quo
1639 2089 1767 2137 uno
1814 2069 1900 2134 ad
1944 2069 2123 2135 milia
2166 2071 2369 2136 ferme
2422 2069 2813 2136 voluminum

478 2174 888 2257 septingenta
937 2169 1006 2256 (o
1051 2172 1277 2254 ingens
1324 2171 1691 2256 calamitas)
1740 2179 1807 2239 et
1850 2174 2115 2241 incensa
2160 2182 2228 2242 et
2268 2181 2499 2242 exusta
2531 2175 2812 2240 fuerunt.

479 2280 633 2356 Quae
667 2279 753 2359 =si
814 2277 1089 2342 fuissent
1153 2297 1382 2359 sparsa
1439 2277 1614 2342 inter
1678 2277 1905 2345 doctos
1968 2285 2310 2364 quantum,
2374 2281 2543 2364 proh
2606 2280 2815 2357 deum,

375 2383 401 2410 ⁰
475 2384 670 2449 fidem
718 2389 916 2467 atque
962 2381 1288 2446 hominum
1345 2403 1514 2446 nunc
1574 2383 1907 2466 sapientiae
1966 2385 2343 2451 thesaurum
2402 2385 2815 2450 haberemus,

479 2491 570 2554 Te
617 2488 807 2554 velim
855 2493 1160 2551 accurate
1209 2487 1450 2569 cogites
1496 2488 1732 2554 iterum
1778 2495 1977 2573 atque
2022 2489 2278 2568 iterum,
2327 2490 2381 2554 si
2425 2490 2633 2556 istum
2664 2486 2819 2556 mihi

476 2593 764 2659 libellum
811 2593 957 2656 novi
1005 2592 1402 2656 Testamenti
1449 2615 1581 2676 per,
1612 2593 2083 2660 Praedicatores
2132 2593 2417 2674 dederis,
2464 2594 2537 2658 id
2590 2601 2721 2673 est,
2768 2592 2819 2656 si
2929 2599 2930 2662 Ϊ

475 2700 556 2764 iis
604 2698 856 2763 daturis
902 2697 1211 2762 auxilium
1257 2696 1541 2762 favorem
1576 2719 1958 2764 consensum
1990 2701 2372 2784 praestiteris
2405 2699 2508 2764 vel
2551 2719 2822 2783 regnum

473 2805 631 2870 mihi
678 2803 940 2888 aliquod
990 2803 1090 2868 vel
1135 2803 1553 2868 semimortuo
1605 2804 1801 2870 vitam
1848 2805 2124 2872 dedisse.
2204 2805 2390 2884 Quod
2438 2806 2571 2870 erit
2601 2789 2824 2870 monu-

477 2916 762 2976 mentum
811 2909 986 2992 apud
1031 2929 1134 2973 me
1195 2908 1507 2974 bonitatis
1556 2914 1683 2974 tuae
1732 2911 2222 2993 sempiternum.
2312 2910 2507 2974 Mitto
2576 2909 2669 2975 ad
2716 2929 2823 2973 vos

475 3017 637 3080 duos
685 3014 938 3080 libellos
977 3015 998 3052 ¹
1045 3033 1319 3096 quorum
1365 3013 1645 3078 alterum
1692 3015 1761 3078 in
1808 3021 1991 3080 tuum
2056 3015 2337 3080 alterum
2402 3014 2469 3078 in
2537 3012 2824 3079 hominis

480 3120 834 3186 doctissimi
881 3119 1179 3184 Doctoris
1223 3117 1544 3201 Lapidani
1588 3119 1614 3156 ²
1660 3119 1967 3184 honorem
2027 3119 2109 3184 de
2164 3139 2373 3202 graeco
2425 3119 2491 3182 in
2544 3119 2823 3184 latinum

479 3225 739 3292 traduxi
772 3224 945 3308 quod
967 3222 1246 3289 officium
1275 3245 1487 3288 meum
1509 3223 1566 3288 si
1590 3224 1769 3289 vobis
1792 3223 2112 3308 placuisse
2139 3243 2515 3309 cognovero,
2544 3224 2828 3310 posthac
2872 3231 2879 3236 ’

482 3333 620 3397 Deo
667 3330 1018 3414 adjuvante
1065 3329 1256 3412 plura
1303 3327 1492 3394 dabo.
1574 3329 1767 3395 Vale:
1831 3331 1929 3394 Ex
1977 3331 2355 3414 Stutgardia
2384 3330 2577 3398 Anno
2640 3333 2828 3394 1488.

666 3442 700 3498 5
729 3436 805 3498 bl.
829 3441 888 3498 in
911 3439 985 3498 40
1007 3438 1310 3498 handschr.
1339 3440 1398 3496 in
1421 3438 1551 3498 dem
1574 3440 1965 3500 sammelband
1986 3441 2091 3500 der
2108 3441 2311 3500 Basler
2335 3441 2473 3500 bibl.
2494 3441 2573 3500 Ε.
2597 3441 2708 3500 ΠΙ.
2733 3443 2765 3500 1
2779 3439 2829 3496 5.

1568 3589 1737 3656 XVI.

629 3678 800 3729 Basel.
2306 3682 2367 3729 31
2416 3679 2558 3745 Aug.
2608 3681 2768 3730 1488.

481 3767 563 3841 F.
601 3767 932 3842 Jacobus
965 3767 1332 3868 Sprenger
1365 3764 1393 3803 ⁸
1425 3764 1917 3840 Provincialis
1944 3766 2222 3841 ordinis
2246 3767 2838 3869 praedicatorum

1394 3914 1495 3962 an
1530 3887 1920 3988 Reuchlin‚

482 4037 876 4102 iibersendet
941 4039 1013 4102 R.
1089 4037 1193 4102 die
1272 4037 1360 4100 im
1435 4036 1697 4118 vorigen
1764 4037 1969 4103 briefe
2044 4035 2209 4126 (nro.
2278 4039 2441 4124 XV.)
2512 4039 2841 4110 erbetene

484 4142 917 4220 banasam-ist,
989 4142 1072 4206 da
1141 4165 1212 4206 er
1272 4141 1477 4207 heber
1540 4142 1784 4223 dieser,
1855 4144 1951 4209 als
2014 4127 2131 4210 αρι-
2194 4140 2658 4213 freun‘dschaft
2735 4145 2841 4214 n’s

1630 4264 1661 4296 :Y-

635 4340 650 4382 1
699 4334 831 4383 duos
869 4333 1102 4401 libellos]
1141 4333 1366 4384 nilmlich
1411 4333 1495 4382 die
1533 4337 1699 4384 oratio
1732 4336 1902 4385 Procli
1932 4339 2164 4404 episcopi
2196 4339 2501 4404 Cyzicensis
2544 4358 2591 4391 ε.
2642 4359 2694 4392 ο.
2741 4339 2845 4390 und

485 4421 568 4471 dic
597 4423 762 4472 oratio
803 4423 950 4489 Tyrii
983 4423 1200 4471 Maximi
1228 4423 1509 4501 Platonici.
1624 4427 1650 4471 2
1690 4421 1819 4473 Joh.
1844 4421 1873 4474 zi
1899 4426 2099 4492 Lapide
2140 4445 2181 4476 s.
2222 4441 2271 4476 u.
2385 4431 2413 4477 3
2440 4413 2595 4477 iiber
2638 4431 2698 4480 J.
2745 4431 2849 4494 sp„

482 4512 581 4562 den
625 4515 749 4564 vers.
796 4513 888 4564 (les
923 4513 1422 4577 ,‚hexeuh·1nuners“
1457 4513 1565 4582 vgl.
1604 4513 1831 4576 Erhard,
1873 4514 1961 4564 SS.
2003 4515 2125 4564 ord.
2165 4515 2408 4566 Praed.·1.
2449 4515 2541 4566 fol.
2594 4520 2743 4587 8801)
2770 4534 2847 4582 sq.
