2950 5042
1600 332 1682 396 16

641 524 843 610 Igitur
889 524 1075 590 nobis
1123 523 1329 590 statui
1376 523 1464 589 ad
1511 545 1713 590 novae
1765 524 2031 590 tandem
2079 523 2263 608 Legis
2308 523 2628 590 salutares
2658 528 2789 588 tan-

468 651 658 714 quam
721 631 808 695 ad
869 630 1117 714 asylum
1183 629 1450 714 aliquod
1514 629 1654 696 fore
1725 628 2217 714 confugiendum
2284 636 2350 695 et
2412 628 2791 715 posthabitis

467 736 669 801 omnis
717 737 971 820 generis
1019 735 1444 819 scriptoribus
1500 735 1842 814 historiciS‚
1888 735 2179 818 poeticis,
2228 735 2551 814 oratoriis,
2598 733 2792 819 philo-

467 842 747 926 sophicis
795 849 993 926 atque
1037 840 1436 926 propheticis
1483 841 1641 905 nihil
1691 848 1791 906 est
1822 841 1994 926 quod
2040 842 2260 906 malim
2294 842 2574 906 omnium
2608 861 2791 924 quam

464 948 704 1012 homini
752 947 1186 1012 Christianam
1245 947 1648 1030 disciplinam
1706 948 2000 1031 professo
2046 946 2114 1011 id
2167 951 2375 1012 solum
2433 947 2794 1012 litterarum

465 1074 664 1136 genus
726 1051 1230 1136 praeponendum
1289 1053 1464 1136 quod
1527 1053 1769 1118 Christi
1829 1060 2187 1119 sectatores
2233 1053 2525 1137 primarii
2575 1051 2796 1136 spiritu

464 1163 690 1224 sancto
758 1158 1048 1241 instigati
1096 1158 1559 1241 conscripsere.
1654 1159 1862 1223 Aliter
1910 1159 2102 1224 cedat
2170 1160 2376 1225 omnis
2436 1159 2560 1223 lex.
2655 1156 2799 1222 Sola

463 1263 648 1329 nobis
680 1263 898 1328 vivant
930 1268 998 1328 et
1027 1264 1286 1346 vigeant
1317 1264 1774 1347 Apostolorum
1827 1253 2152 1330 volumina
2198 1251 2365 1348 quae
2410 1263 2606 1330 fidem
2640 1262 2799 1328 ordi-

463 1375 625 1434 nant
671 1370 926 1435 dicente
973 1368 1058 1433 ad
1106 1369 1376 1436 Galatas
1423 1369 1660 1435 Paulo:
1742 1371 1875 1436 Nos
1914 1373 1933 1408 ¹
1981 1371 2045 1434 in
2096 1370 2353 1436 Christo
2400 1370 2560 1435 Jesu
2608 1368 2802 1434 credi-

465 1497 606 1541 mus
655 1482 726 1541 ut
763 1474 1191 1561 justificemur
1246 1499 1325 1540 ex
1370 1473 1497 1539 fide
1547 1475 1788 1541 Christi
1837 1482 1902 1542 et
1947 1498 2074 1540 non
2123 1498 2202 1540 ex
2249 1476 2554 1562 operibus
2602 1476 2800 1558 Legis

465 1583 551 1648 Et
597 1602 854 1648 rursus:
902 1581 1037 1666 Ego
1087 1581 1111 1620 ²
1160 1582 1329 1647 enim
1376 1603 1495 1666 per
1540 1581 1778 1665 Legem
1824 1581 1953 1666 legi
1984 1588 2278 1647 mortuus
2326 1604 2485 1647 sum.

643 1687 809 1766 Quid
857 1689 1056 1771 ergo?
1115 1710 1330 1753 annon
1377 1680 1735 1752 credis'me
1796 1688 2060 1752 tandem
2121 1694 2271 1772 post
2314 1688 2692 1752 innumeras
2738 1686 2803 1750 R.

467 1793 533 1859 P.
582 1815 771 1859 curas
821 1801 886 1858 et
940 1793 1128 1858 istius
1190 1815 1614 1858 aerumnosae
1675 1798 1893 1858 terrae
1943 1793 2411 1859 sollicitudines
2457 1793 2607 1877 ipsa
2654 1793 2803 1857 haec

465 1902 678 1965 acrius
733 1901 1064 1983 pensitare
1099 1922 1286 1983 posse
1334 1921 1527 1983 quam
1571 1899 1781 1963 solent
1811 1899 2195 1984 quandoque
2230 1900 2338 1983 qui
2388 1897 2804 1983 religionibus
2912 1945 2914 1980 3

465 2011 771 2089 praesunt.
866 2005 1024 2068 Mihi
1084 2006 1280 2070 etiam
1321 2007 1404 2068 -in
1459 2005 1761 2070 secundis
1821 2006 2154 2088 seponitur
2210 2005 2638 2090 imperatoria
2691 2003 2804 2080 leit,
2912 2075 2914 2082 Ι

466 2099 731 2176 tametsi
755 2110 1138 2195 jamdudum
1172 2110 1236 2174 in
1272 2132 1350 2175 ea
1396 2110 1730 2194 palaestra
1760 2111 2153 2194 triumphavi
2188 2109 2361 2176 haud
2394 2112 2806 2195 negligenter,
2912 2105 2914 2128 ²

467 2215 582 2282 sed
630 2215 790 2280 heus
837 2222 910 2281 tu
955 2215 1217 2282 tandem
1267 2238 1495 2300 sapere
1544 2215 1895 2300 aliquando
1943 2217 2006 2282 in
2050 2224 2339 2301 tempore
2373 2216 2666 2282 nonnihil
2699 2219 2807 2279 est.

477 2321 656 2388 Haec
691 2322 863 2387 volui
894 2321 1146 2388 nescius
1179 2344 1258 2387 ne
1292 2343 1465 2387 esses
1499 2321 1671 2406 quod
1705 2329 1769 2387 et
1801 2323 2001 2406 magis
2032 2323 2299 2406 probem
2335 2329 2401 2388 et
2428 2323 2641 2407 pluris
2672 2343 2816 2406 pen-

467 2428 617 2494 dam
664 2450 861 2514 quam
909 2428 1363 2512 Apostolorum
1413 2429 1659 2511 scripta
1706 2428 1977 2493 inveniri
2010 2436 2127 2495 aut
2161 2451 2301 2495 esse
2336 2430 2598 2495 omnino
2640 2425 2810 2492 nib-'2

466 2533 540 2600 Id
588 2541 662 2601 tu
707 2555 958 2600 mecum
1005 2535 1142 2618 ipse
1189 2535 1390 2600 sentis
1437 2527 1618 2600 certe
1667 2534 1799 2600 scio
1846 2536 1941 2600 ita
1988 2535 2380 2601 faciundum.

645 2639 810 2706 Vide
857 2661 1100 2726 quaeso
1149 2641 1347 2724 igitur
1393 2662 1470 2706 ea
1503 2663 1645 2726 quae
1677 2647 1947 2706 restant.
2028 2642 2181 2724 Ego,
2228 2641 2317 2705 mi
2356 2641 2630 2720 Jacobe,
2678 2658 2815 2704 mea
2914 2623 2916 2628 ’

469 2744 817 2832 plurimum
865 2769 1119 2831 semper
1165 2747 1481 2813 interesse
1530 2747 1555 2786 ³
1599 2746 1824 2831 putavi
1882 2768 2102 2812 sacras
2149 2746 2389 2813 habere
2434 2747 2700 2812 litteras
2747 2764 2814 2808 eo

469 2854 848 2918 charactere
898 2875 1025 2938 quo
1072 2854 1351 2938 primum
1398 2853 1703 2918 divinitus
1752 2853 2145 2937 compositae
2194 2858 2563 2918 censentur.
2656 2851 2817 2928 Qua-

468 2966 736 3044 propter
781 2959 957 3023 haud
1005 2959 1088 3024 ab
1137 2981 1206 3024 re
1255 2959 1400 3023 divo
1449 2959 1849 3043 Hieronymo
1896 2965 2125 3023 autore
2173 2959 2238 3023 in
2270 2964 2550 3042 utroque
2586 2976 2815 3041 genere

467 3065 832 3149 linguarum
878 3065 1159 3129 libenter
1205 3064 1567 3148 jandudum
1618 3064 2028 3130 exercitabar
2077 3071 2393 3149 teneoque
2426 3065 2675 3128 veteris
2709 3063 2818 3126 Le-

468 3171 562 3255 gis
609 3170 1057 3236 Hebraeorum
1106 3169 1306 3234 libros
1353 3170 1828 3253 aliquantulum
1874 3169 2087 3235 habeo
2138 3177 2203 3234 et
2249 3169 2541 3234 nonnihil
2581 3170 2817 3234 instru-

467 3276 670 3341 menti
715 3276 878 3340 novi.
973 3275 1100 3341 Sed
1148 3275 1495 3340 admodum
1544 3276 1831 3342 delectat
1879 3275 2229 3360 Apostolos
2277 3275 2471 3340 etiam
2510 3297 2634 3340 suo
2670 3272 2818 3340 scri-

467 3379 663 3446 bendi
711 3403 888 3446 more
936 3381 1157 3462 fretOS,
1206 3380 1326 3446 hoc
1375 3386 1479 3446 est
1526 3381 1810 3461 GraecOS,
1858 3381 2209 3466 perlegere.
2285 3381 2447 3446 Nam
2483 3380 2567 3446 de
2614 3388 2820 3445 trans·

466 3486 623 3572 fuga
669 3509 796 3553 non
858 3485 1021 3552 adeo
1083 3486 1317 3571 placet.
1414 3487 1545 3552 Sua
1610 3487 1955 3572 cujuslibet
2016 3487 2229 3570 operis
2284 3487 2503 3570 lingua
2571 3485 2822 3551 dulcior

469 3599 571 3659 est
638 3599 704 3658 et
768 3614 803 3658 e
866 3593 1039 3658 dolio
1102 3592 1362 3676 saepius
1429 3593 1735 3658 derivata
1798 3593 1945 3656 vina
2008 3594 2351 3676 majestate
2420 3591 2823 3656 minuuntur.

468 3697 673 3766 Valde
721 3699 842 3764 hoc
889 3704 954 3763 te
1003 3699 1346 3780 certiorem
1394 3696 1535 3762 fieri
1571 3699 1758 3782 cupio
1810 3697 1981 3782 quod
2029 3704 2095 3762 et
2142 3718 2339 3763 causa
2387 3705 2487 3763 est
2538 3704 2612 3762 et
2645 3693 2822 3761 nervi

466 3805 592 3891 ipsi
651 3805 967 3870 universae
1029 3805 1221 3890 hujus
1271 3805 1584 3870 orationis
1641 3825 1799 3868 meae
1861 3825 2250 3887 quamquam
2314 3824 2544 3869 vereor
2610 3825 2693 3868 ne
2757 3809 2823 3865 tu

468 3916 675 3976 totam
721 3910 1040 3976 rationem
1088 3911 1184 3976 ita
1230 3917 1305 3976 ut
1352 3931 1469 3994 ego
1517 3910 1829 3994 pervelim
1859 3910 2102 3974 librare
2135 3912 2440 3992 graveris.
2518 3910 2615 3973 At
2650 3907 2825 3972 absit

469 4013 551 4080 de
616 4016 1061 4081 amantissimo
1114 4021 1181 4081 te
1252 4017 1379 4082 mei
1451 4015 1770 4100 suspicari
1841 4037 1983 4099 quae
2051 4021 2269 4080 essent
2329 4012 2503 4079 haud
2578 4014 2823 4079 amica!

467 4119 744 4207 Pergam
789 4122 1003 4206 igitur.
1051 4122 1172 4187 hoc
1219 4121 1374 4188 audi
1422 4129 1489 4188 et
1527 4128 1741 4188 tecum
1793 4120 2066 4187 habeto:
2115 4121 2275 4186 Esse
2309 4120 2375 4196 in
2408 4117 2827 4185 Bibliotheca

1635 4281 1671 4321 *Β

618 4374 640 4418 1
675 4369 803 4438 Nos]
832 4371 938 4435 gal.
983 4375 1031 4434 2,
1084 4373 1160 4421 ¹6.
1275 4376 1302 4421 2
1331 4369 1465 4438 Ego]
1512 4371 1617 4437 gal.
1661 4377 1708 4435 2,
1743 4373 1821 4422 19.
1933 4373 1962 4421 3
1991 4368 2138 4422 Nach
2168 4369 2365 4421 diesem
2391 4369 2657 4420 interesse
2688 4365 2829 4421 steht

466 4459 550 4510 ein
579 4460 805 4524 κινείτω,
822 4462 918 4508 mit
939 4459 1114 4510 rothen·
1139 4460 1268 4509 tinte
1290 4461 1687 4524 ausgestrichen
1712 4459 1818 4509 und
1839 4460 1976 4509 daun
2002 4460 2196 4510 wieder
2216 4460 2505 4526 punctiert:
2539 4460 2829 4510 interesse.
