2950 5042
1245 360 1375 427 257

184 550 480 619 hebraicas
523 558 590 619 et
632 573 784 619 vere
828 572 1104 619 arcanas
1150 550 1380 617 literas
1448 548 1813 616 admiratur
1856 554 2178 635 quantum
2226 571 2267 617 a
2310 570 2504 637 prae--

185 656 518 741 ceptoribus
563 658 826 725 insulsis
892 658 974 723 ad
1024 678 1230 741 nugas
1293 656 1647 723 trahuntur
1690 655 1791 721 vel
1838 654 2144 721 emendas
2205 656 2307 723 vel
2352 656 2479 723 dis-

184 762 416 844 cendas,
467 770 720 829 tantum
778 769 1060 849 utroque
1123 763 1288 849 pede
1337 761 1637 829 resiliunt
1682 760 1768 827 ad
1830 760 2164 846 sequenda
2207 762 2479 847 vestigia

182 868 636 952 spectabilitatis
682 876 832 942 tuae.

329 974 406 1041 So
449 975 542 1041 sei
590 972 869 1041 Richard
917 974 1170 1041 Crolms
1209 975 1250 1055 ¹,
1309 974 1409 1039 ein
1459 972 1865 1057 Engliinder,
1920 973 2147 1057 jiingst
2192 972 2297 1039 bei
2340 972 2475 1037 ihm

181 1098 448 1161 gewesen,
509 1080 651 1151 der.
697 1080 836 1147 sich
899 1080 1154 1147 danach
1225 1080 1454 1161 selme,
1522 1077 1867 1145 hebriiisch
1926 1096 2005 1143 zu
2077 1078 2333 1157 lernen,
2404 1100 2477 1145 so

179 1184 400 1250 andere.
506 1186 597 1251 Er
664 1186 863 1253 bittet
937 1207 1046 1251 um
1113 1186 1436 1251 rationem
1510 1181 1978 1251 constituendae
2047 1182 2475 1249 bibliothecae.

181 1290 298 1355 Dat.
340 1290 426 1357 Id.
474 1280 686 1377 sept.

323 1398 640 1463 Gedruckt:
675 1421 759 1459 τ...-
791 1400 849 1461 J.
882 1417 936 1461 V.
970 1418 1022 1463 e.
1055 1420 1107 1477 z,
1139 1412 1220 1461 εδ.

1143 1566 1481 1635 CCXXIV.

293 1654 518 1725 Leipzig.
1908 1657 1969 1705 is
2009 1656 2151 1721 Sept.
2195 1652 2405 1723 (1516.)

666 1727 1035 1821 ‚Ricardus
1057 1740 1072 1757 ·
1088 1725 1364 1801 Crocus
1419 1754 1519 1802 an
1573 1724 1942 1827 Reuc'hlin

179 1848 424 1935 beklagt,
451 1852 606 1919 dass
631 1851 944 1921 Reuchlin
969 1850 1104 1916 ihm
1138 1850 1320 1916 nicht
1347 1849 1769 1933 geschrieben
1802 1848 1987 1929 habe,
2012 1849 2103 1915 ist
2146 1870 2225 1940 zu
2261 1846 2481 1932 jedem

179 1954 394 2023 dienste
460 1958 700 2037 bereit,
773 1956 1026 2023 schickt
1087 1957 1218 2021 ihm
1283 1956 1385 2021 ein
1457 1956 1623 2021 eben
1668 1953 1809 2022 'von
1853 1956 1986 2021 ihm
2034 1954 2485 2021 erschienenes

180 2060 317 2127 buch
384 2062 514 2129 und
580 2063 780 2129 bittet
839 2062 950 2128 ilm
971 2112 988 2141 ,
1058 2062 1196 2127 sein
1261 2060 1803 2128 kabbalistisches
1880 2060 2053 2126 werk
2132 2059 2279 2126 dem
2336 2059 2482 2126 Joh.

178 2166 425 2249 Fischer,
473 2168 738 2235 bischof
773 2188 896 2234 von
944 2166 1319 2247 Rochester,
1367 2190 1446 2235 zu
1493 2167 1782 2233 widinen.
1873 2166 2124 2253 Lipsiae.

327 2278 651 2341 Gedruckt:
686 2298 769 2335 .-..-
801 2278 859 2338 J.
895 2294 948 2338 v.
983 2294 1036 2338 e.
1069 2296 1108 2353 y
1142 2272 1238 2338 2¹³.

1159 2446 1461 2513 CCXXV.

292 2535 448 2587 Koln.
591 2536 594 2541 '
1972 2536 2032 2583 13
2073 2533 2211 2599 Sept.
2258 2531 2409 2581 1516.

382 2624 435 2700 J
438 2651 718 2700 oannes
771 2624 1062 2700 Potken
1117 2624 1170 2700 J
1172 2624 1398 2699 oanni
1452 2622 1821 2698 Reuchlin
1879 2621 1951 2697 S.
2015 2622 2101 2695 D.
2161 2621 2243 2699 P.

323 2745 469 2829 Eas,
535 2770 698 2835 quas
767 2747 854 2815 ad
912 2770 1014 2815 me
1074 2770 1108 2815 e
1169 2747 1550 2833 Stutgardia
1598 2752 1634 2812 3
1682 2742 1825 2811 Kal.
1886 2742 2163 2809 Sextiles
2225 2738 2483 2818 dedisti,

175 2848 518 2921 doctissime
609 2855 868 2934 doctor,
965 2854 1190 2919 literas
1279 2875 1486 2938 nuper
1549 2852 1767 2937 recepi
1847 2872 1996 2916 cum
2061 2845 2485 2935 quaternione

173 2959 360 3039 operis
392 2959 420 2999 ²
473 2981 597 3044 per
652 2960 717 3025 F.
765 2961 1033 3027 Petrum
1077 2960 1456 3025 Galatinum
1506 2958 1847 3043 compositi
1894 2957 1980 3022 ad
2025 2977 2128 3020 me
2191 2951 2489 3019 remisso,

173 3060 294 3129 Tibi
335 3064 512 3131 haud
558 3086 792 3149 parum
840 3066 1220 3149 gratulabar
1248 3116 1262 3144 ,
1322 3065 1497 3149 quod
1563 3087 1642 3129 ex
1695 3071 1884 3149 parte
1944 3060 2231 3147 epistolae
2296 3079 2490 3144 quam

172 3167 240 3232 ad
281 3191 378 3237 me
426 3172 692 3237 mittere
739 3171 1041 3255 dignatus
1090 3193 1181 3247 es,
1229 3170 1608 3236 intellexisti
1658 3192 1922 3236 causam
1969 3169 2148 3233 illam
2192 3174 2378 3233 tuam
2408 3164 2489 3228 ‘in

173 3281 343 3353 portu
387 3298 556 3343 esse.
651 3278 786 3360 Ego
835 3299 980 3342 cum
1029 3276 1318 3361 epistolae
1381 3284 1639 3360 partem
1685 3276 1934 3359 absque
1981 3294 2165 3339 mora
2213 3269 2491 3353 Georgio

171 3376 342 3447 Sobio
376 3382 404 3422 ⁸
458 3383 872 3467 juventutem
929 3383 1378 3449 Coloniensem
1433 3384 1501 3447 in
1549 3389 1691 3448 arte
1751 3379 2176 3445 humanitatis
2231 3375 2491 3460 publice

174 3487 500 3568 erudienti,
546 3488 813 3554 laudum
859 3494 1120 3555 tuarum
1165 3488 1596 3572 praedicatori,
1654 3493 1896 3570 tuoque
1944 3484 2066 3548 hac
2111 3484 2179 3547 in
2226 3482 2493 3546 civitate

172 3595 468 3662 acerrimo
529 3593 881 3673 defensori,
948 3594 1207 3660 tradidi.
1309 3594 1373 3659 Is
1440 3595 1650 3679 primo
1728 3590 1955 3657 exinde
2022 3589 2123 3654 die
2192 3587 2362 3652 festo
2426 3585 2494 3649 in

171 3699 430 3783 templo,
499 3699 677 3785 quod
739 3722 1060 3767 summum
1119 3700 1535 3765 Colonienses
1590 3703 1855 3775 vocant,
1919 3694 2095 3761 facta
2156 3692 2496 3759 doctorum

173 3802 436 3871 virorum
469 3825 712 3871 corona
742 3806 1038 3871 omnibus
1087 3806 1314 3871 audire
1347 3804 1777 3890 cupientibus,
1826 3822 1859 3866 e
1908 3820 2183 3885 quorum
2226 3816 2497 3862 numero

173 3912 446 3977 nonnulli
497 3912 596 3977 tui
627 3910 842 3975 aemuli
918 3918 1124 3992 erant,
1193 3911 1366 3997 legit,
1412 3910 1690 3994 perlegit
1740 3914 1807 3974 et
1856 3905 2103 3989 relegit,
2152 3902 2498 3985 subitoque

173 4021 300 4081 orto
346 4038 610 4083 rumore
656 4040 776 4102 per
825 4017 1195 4097 civitatem,
1243 4022 1319 4083 ut
1361 4015 1468 4095 fit,
1531 4014 1707 4102 quod
1752 4014 1959 4078 victor
2006 4009 2259 4088 evadeS,
2305 4006 2496 4075 multi

173 4138 244 4184 ex
283 4120 384 4190 his
431 4124 546 4210 qui
590 4131 657 4190 te
689 4129 912 4189 amant
957 4129 1026 4191 et
1069 4122 1362 4189 nonnulli
1408 4144 1490 4189 ex
1520 4122 1612 4187 eis
1644 4120 1757 4205 qui
1804 4125 1871 4186 te
1904 4117 2053 4185 odio
2095 4134 2497 4200 prosequun-

311 4304 334 4351 1
375 4274 500 4369 vgi.
525 4302 771 4370 Bocking
785 4302 958 4371 suppl.
987 4302 1053 4367 11,
1075 4318 1118 4353 s.
1145 4303 1246 4352 352
1270 4232 1360 4367 fg„
1387 4297 1484 4350 den
1513 4295 1794 4365 folgenden
1822 4296 1964 4346 brief
1976 4276 2079 4345 und
2102 4294 2184 4343 die
2200 4292 2506 4359 nachtrlige.

177 4388 200 4433 2
239 4386 444 4459 Operis]
471 4390 532 4443 de
569 4393 777 4443 arcanis
811 4390 1085 4445 catholicae
1112 4390 1367 4453 veritatiS,
1404 4400 1443 4440 s.
1488 4406 1535 4440 o.
1564 4386 1768 4439 CCXV.
1808 4404 1853 4437 a.
1966 4386 1995 4434 3
2040 4384 2155 4451 Vgl.
2182 4382 2371 4445 Krafft,
2392 4383 2507 4431 mit-

177 4472 468 4618 tbtiilungen
507 4481 636 4531 iiber
673 4481 927 4531 Heinrich
968 4479 1253 4546 Bullinger,
1291 4477 1561 4529 Elberseld
1605 4478 1755 4527 1868.
2036 4548 2103 4609 ¹7

285 4578 517 4621 euchlin
