2950 5042
1572 390 1659 464 62

457 586 740 672 differre,
787 609 1161 677 quanquam
1193 587 1386 676 plura
1431 609 1687 675 semper
1732 589 1818 655 ad
1849 596 1915 656 te
1946 588 2223 654 fuissent
2252 581 2614 655 scribenda.
2662 576 2790 654 Sed

455 699 738 765 nondum
769 717 1126 782 compares.
1192 695 1476 780 Ideoque
1508 712 1764 779 possem
1813 715 1929 780 ego
1976 715 2229 760 omnem
2274 693 2532 778 culpam
2578 713 2789 758 meam

457 805 524 868 in
595 810 661 869 te
730 801 1108 870 transferre.
1199 800 1408 869 Velim
1471 822 1623 885 ergo
1682 801 1805 868 tibi
1858 801 2274 885 persuadeas,
2334 819 2547 865 meam
2592 799 2679 864 ad
2724 804 2789 863 te

461 908 788 976 scribendi
841 907 1297 992 negligentiam
1345 913 1411 973 et
1456 913 1637 973 tuam
1680 907 1840 974 item
1886 906 1973 972 ad
2031 927 2149 972 nos
2213 903 2529 971 redeundi
2589 901 2793 970 tardi—

459 1021 684 1096 tatem,
729 1021 1040 1099 tanquam
1085 1013 1272 1098 paria
1320 1012 1561 1078 delicta
1620 1019 1853 1078 mutua
1898 1011 2036 1078 fore
2100 1011 2643 1095 compensatione·
2670 1009 2795 1076 tol-

457 1119 672 1201 lenda,
720 1141 1091 1205 quanquam
1124 1140 1240 1203 ego
1271 1118 1533 1184 minime
1566 1117 2015 1198 dubitaverim,
2062 1122 2130 1182 te
2174 1137 2303 1182 non
2350 1117 2487 1182 sine
2533 1116 2791 1200 urgenti

457 1228 712 1293 ratione
761 1225 936 1292 domi
984 1225 1311 1291 continere
1358 1224 1579 1308 potius
1624 1244 1817 1308 quam
1865 1223 2012 1288 hinc
2056 1222 2207 1287 inde
2253 1221 2495 1306 vagari.
2587 1220 2793 1305 Spero

459 1338 680 1399 tamen
735 1336 1129 1415 sperantque
1195 1330 1348 1415 quin
1411 1329 1608 1394 immo
1666 1333 1733 1394 et
1778 1333 2009 1412 optant
2054 1334 2121 1394 et
2166 1326 2561 1412 desyderant
2603 1324 2796 1392 multi

460 1437 574 1503 alii
617 1443 686 1504 te
731 1434 1080 1522 aliquando
1128 1435 1314 1501 nobis
1361 1440 1746 1518 praesentem
1793 1433 2110 1513 futurum,
2158 1439 2233 1498 ut
2278 1453 2391 1498 ore
2438 1432 2523 1497 ad
2568 1452 2643 1497 os
2688 1451 2799 1496 ne-

461 1543 637 1627 gotia
712 1548 937 1608 mutuo
1010 1541 1182 1606 inter
1250 1561 1369 1606 nos
1433 1539 1691 1624 agenda
1754 1560 1873 1623 pro
1936 1543 2086 1605 voto
2146 1545 2413 1622 possent
2480 1535 2794 1621 expediri.

465 1648 703 1732 Sperat
747 1652 816 1714 et
859 1647 926 1716 id
972 1645 1265 1712 Andreas
1296 1644 1635 1728 theologus
1684 1649 1905 1710 noster
1954 1644 2065 1729 qui
2111 1643 2349 1708 totiens
2380 1648 2562 1708 tuam
2608 1646 2799 1725 optat

465 1753 906 1838 praesentiam,
965 1753 1262 1837 quotiens
1327 1772 1397 1816 se
1464 1749 1759 1816 meminit
1820 1770 1963 1815 esse
2028 1747 2349 1813 infirmum
2412 1768 2487 1812 ac
2547 1745 2799 1812 nullum

465 1859 635 1942 apud
684 1879 755 1926 se
799 1857 1042 1924 habere
1087 1855 1406 1922 medicum
1453 1877 1495 1920 a
1542 1877 1669 1942 quo
1716 1855 1992 1939 recipiat
2037 1853 2457 1932 medicinam,
2505 1852 2631 1918 hoc
2680 1857 2798 1930 est,

465 1965 575 2048 qui
619 1965 686 2028 in
717 1961 1125 2048 philosophia
1157 1983 1374 2028 secum
1405 1983 1611 2046 usque
1644 1962 1709 2026 in
1752 1960 2100 2027 secundam
2132 1964 2248 2025 aut
2290 1958 2557 2023 tertiam
2589 1957 2799 2025 noctis

465 2069 749 2153 vigiliam
791 2073 1108 2152 perpetuo
1167 2087 1388 2132 secum
1448 2067 1953 2151 disputationem
2013 2065 2373 2144 continuet,
2440 2063 2631 2148 eique
2688 2062 2802 2128 ad-

467 2175 780 2240 versetur.
870 2172 1056 2238 Nunc
1101 2171 1270 2236 enim
1317 2172 1506 2238 dicit:
1552 2171 1666 2238 ubi
1700 2177 1798 2238 est
1830 2169 2141 2236 Reuchlin
2186 2191 2333 2234 cum
2366 2190 2481 2234 suo
2512 2169 2799 2234 instans:

464 2279 714 2344 utinam
759 2275 1040 2344 adesset.
1131 2278 1276 2344 Jam
1326 2299 1477 2343 vero
1526 2277 1624 2343 tui
1682 2276 1955 2361 cupidus
2016 2281 2119 2342 est
2173 2281 2249 2340 ut
2296 2296 2440 2340 cum
2505 2293 2584 2338 eo
2632 2294 2802 2338 com-

469 2383 984 2450 misse-rationem
1039 2381 1285 2449 habeas
1341 2381 1513 2448 illius
1561 2381 1763 2448 totius
1825 2381 2032 2447 nostri
2099 2379 2298 2446 seculi
2346 2379 2615 2464 ejusque
2664 2385 2800 2442 tam

467 2487 856 2556 miserabilis
903 2493 1146 2569 statu·S,
1212 2509 1487 2573 eumque
1534 2487 1831 2565 audires,
1880 2507 2021 2552 sese
2067 2485 2243 2551 ultra
2298 2484 2363 2548 in
2409 2483 2531 2549 hoc
2580 2483 2797 2549 seculo

467 2595 726 2660 minime
771 2614 1163 2659 mansurum.
1240 2592 1404 2671 Quin
1450 2594 1646 2658 immo
1695 2613 1849 2658 mox
1897 2591 2024 2657 sibi
2068 2590 2152 2656 ad
2186 2591 2485 2655 Schonau
2523 2591 2545 2628 ¹
2594 2610 2807 2655 suam-

471 2722 597 2784 que
661 2699 793 2765 illic
854 2697 1325 2765 habitationem
1389 2720 1532 2764 esse
1594 2695 2073 2776 divertendum,
2140 2700 2255 2763 aut
2304 2693 2537 2760 saltem
2606 2693 2806 2760 semel

469 2806 741 2871 eandem
773 2821 915 2872 esse
947 2803 1032 2869 ab
1067 2825 1142 2869 eo
1174 2802 1577 2868 visitandam.
1626 2804 1859 2868 Pastor
1888 2807 2171 2885 praetera
2205 2801 2273 2865 in
2306 2799 2616 2866 Steinach
2649 2798 2805 2884 quid

467 2909 567 2976 tui
611 2915 800 2995 egeat
841 2909 1080 2976 nescio.
1129 2909 1376 2992 Saepius
1407 2915 1628 2974 tamen
1675 2913 1857 2972 tuam
1890 2905 2265 2971 diuturnam
2296 2905 2667 2970 absentiam
2703 2905 2805 2970 do-

467 3015 608 3080 lens
652 3015 946 3081 miratur.
1037 3013 1282 3080 Praesul
1327 3015 1484 3078 item
1531 3020 1753 3079 noster
1800 3017 1866 3078 et
1935 3012 2331 3094 Vangionum
2366 3011 2392 3048 ²
2451 3010 2697 3076 nedum
2743 3017 2802 3074 te

472 3117 821 3204 desyderat
863 3118 1199 3184 nobiscum
1245 3139 1414 3195 esse,
1479 3117 1594 3182 sed
1638 3118 1703 3181 in
1750 3117 1887 3182 dies
1936 3123 2210 3182 conatur
2254 3116 2539 3180 invenire
2590 3116 2803 3182 media

473 3224 711 3309 quibus
752 3229 818 3289 te
868 3221 1139 3290 reducat
1187 3221 1272 3288 ad
1318 3244 1419 3302 se,
1465 3229 1541 3288 ut
1588 3229 1655 3288 et
1698 3223 1751 3288 si
1797 3229 1863 3288 te
1894 3229 2211 3306 perpetuo
2245 3225 2463 3286 secum
2511 3221 2801 3287 detinere

471 3349 600 3394 non
645 3328 870 3413 possit,
917 3328 1148 3393 saltem
1193 3334 1260 3394 te
1307 3334 1706 3412 praeceptore
1751 3349 1873 3412 per
1929 3328 2095 3393 hanc
2160 3327 2453 3412 hyemem
2516 3326 2801 3392 futuram

466 3441 716 3502 utatur.
810 3434 1285 3519 constituitque
1331 3434 1519 3499 uxori
1563 3439 1693 3498 tuae
1738 3438 1812 3498 ut
1857 3453 2239 3498 consensum
2280 3436 2549 3515 praestet
2596 3437 2801 3496 trans-

470 3542 730 3608 mittere
776 3539 1148 3624 propediem
1193 3538 1558 3622 plaustrum
1616 3538 1748 3603 vini
1793 3537 1963 3604 boni.
2054 3537 2151 3601 Tu
2208 3536 2463 3602 interea
2508 3536 2801 3602 delibera

474 3645 630 3733 quid
675 3644 806 3739 tibi
844 3643 929 3711 sit
973 3644 1364 3712 faciundum.

651 3751 780 3820 Sed
823 3756 898 3817 ut
941 3751 1022 3817 de
1069 3751 1336 3836 reliquis
1383 3757 1657 3832 taceam,
1706 3749 1863 3835 quid
1908 3749 2119 3817 credis
2179 3749 2259 3815 de
2306 3769 2408 3813 me
2456 3746 2599 3831 ipso
2644 3767 2800 3814 nun—

473 3858 632 3944 quid
691 3877 772 3922 ne
831 3877 948 3942 ego
1008 3856 1391 3942 desyderem
1456 3861 1640 3922 tuum
1703 3856 2009 3922 festinum
2054 3855 2445 3922 adventum?
2499 3853 2799 3918 Profecto

473 3963 706 4030 merito
751 3962 822 4029 id
865 3960 1132 4028 credere
1165 3961 1383 4043 debes,
1432 3982 1548 4047 ego
1596 3962 1763 4028 enim
1795 3968 2036 4054 praeter
2080 3968 2147 4028 te
2191 3960 2515 4026 neminem
2542 3956 2799 4024 habebo

475 4069 704 4138 saltem
739 4066 1117 4149 chariorem,
1167 4067 1278 4153 qui
1321 4073 1546 4134 nostro
1590 4089 1769 4134 more
1815 4088 2068 4134 mecum
2114 4068 2182 4132 in
2226 4065 2501 4135 multam
2544 4071 2800 4132 noctem

1630 4223 1664 4265 th

624 4322 645 4371 1
688 4314 934 4372 Einzelne
970 4311 1217 4386 gedichte
1254 4327 1348 4368 aus
1378 4313 1531 4382 jener
1571 4315 1675 4368 zeit
1711 4328 1775 4367 an
1803 4311 1892 4368 abt
1922 4313 2034 4368 und
2070 4311 2293 4368 manche
2329 4311 2385 4365 in
2412 4312 2658 4366 Schonau
2694 4323 2796 4364 von

477 4404 649 4463 Adam
678 4409 928 4460 wernher
964 4407 1052 4460 bei
1078 4408 1250 4469 Mons,
1289 4405 1801 4473 quellensammlung
1838 4421 1930 4458 zur
1964 4405 2087 4459 bad.
2126 4403 2493 4469 landesgeseh.
2518 4403 2592 4454 111
2616 4402 2797 4471 (1863)

479 4513 520 4552 ι.
569 4500 664 4548 158
703 4497 784 4548 bis
829 4498 943 4548 164.
1091 4499 1120 4546 2
1159 4494 1411 4562 Dalburg.
