2950 5042
1292 381 1426 455 259

217 576 565 661 Reuchline,
625 579 832 647 literis
893 579 1017 647 tibi
1078 570 1325 665 gratiss
1389 596 1583 661 agere
1646 596 1765 661 pro
1826 575 2051 644 codice
2088 579 2145 658 ¹,
2225 576 2349 643 hoc
2417 572 2533 644 sst'

215 682 432 751 deliciis
474 685 622 764 tuis,
669 682 860 751 nobis
906 684 1315 751 commodato
1363 684 1595 761 missis,
1643 684 1760 750 sed
1808 684 2167 749 Frobenius
2208 684 2276 748 in
2322 702 2523 750 causa

213 791 339 871 fuit,
401 790 507 875 qui
553 812 654 856 me
719 812 844 855 non
893 791 1228 858 admonito
1277 790 1513 857 librum
1556 790 1924 855 remiserat.
2020 788 2278 857 Noenias
2340 809 2523 857 meas

212 903 306 961 tuo
369 895 486 962 hoc
553 902 656 962 est
731 896 1090 961 doctissimi
1158 896 1513 979 optimique
1586 895 1711 960 viri
1780 894 2031 961 calculo
2108 893 2521 979 comprobari

210 1000 591 1067 vehementer
637 999 906 1085 gaudeo.
999 1000 1342 1105 CaeJerum,
1389 1000 1564 1086 quod
1611 1007 1725 1067 tua
1757 1023 1889 1085 prae
1934 1001 2097 1069 meis
2143 1001 2519 1083 contemnis,

208 1128 306 1191 age
347 1128 424 1173 ne
468 1107 657 1173 nimis
703 1107 931 1184 amice,
979 1112 1045 1173 et
1099 1106 1389 1172 modeste
1434 1102 1584 1190 plus
1646 1106 1823 1172 satis.
1916 1108 2001 1172 Et
2043 1106 2517 1172 infoelicitatem

207 1217 360 1277 tuam
422 1212 772 1297 deploras?
845 1211 956 1297 qui
1021 1212 1416 1278 foelicissimo
1477 1212 1587 1277 illo
1655 1211 1873 1278 seculo
1939 1212 2180 1278 videris
2241 1211 2520 1293 Italiam,

205 1316 446 1405 florente
491 1316 798 1401 Agricola
831 1318 888 1397 ²,
937 1313 1256 1384 Politiano
1279 1368 1296 1397 ,
1343 1316 1713 1395 Hermolao,
1768 1316 1937 1398 Pico,
1985 1315 2090 1385 cui
2136 1324 2271 1384 tam
2314 1314 2516 1399 varia,

205 1428 418 1508 tanque
464 1423 804 1489 recondita
849 1422 1200 1507 contigerit
1245 1422 1547 1501 eruditiO,
1595 1424 1707 1507 qui
1738 1429 1839 1489 tot
1884 1423 2312 1490 summatibus
2358 1406 2535 1488 viris·

203 1536 369 1595 notus
412 1550 489 1595 ac
535 1527 876 1595 familiaris
921 1529 1121 1595 fueris
1149 1580 1164 1609 ,
1223 1528 1332 1613 qui
1393 1548 1563 1593 nunc
1609 1548 1868 1614 quoque
1923 1530 2185 1614 optimis
2242 1550 2320 1595 ac
2366 1528 2518 1594 doc-

203 1634 440 1701 tissimis
477 1634 856 1721 'quibusque
927 1636 1024 1701 sic
1067 1634 1304 1701 charus
1349 1635 1439 1701 sis
1504 1640 1571 1699 et
1633 1634 2009 1715 adamatus,
2069 1642 2177 1717 ut,
2226 1636 2282 1701 si
2326 1642 2518 1719 pater

202 1762 380 1822 esses,
439 1740 744 1807 omnibus
790 1741 1077 1806 intimius
1142 1741 1378 1807 charus
1449 1762 1593 1807 esse
1639 1760 1763 1805 non
1830 1740 2060 1825 possis.
2153 1741 2404 1808 Adorat
2448 1747 2515 1807 te

201 1848 648 1931 propemodum
719 1847 1059 1931 episcopus
1122 1845 1464 1923 Roffensis,
1536 1846 1761 1911 Ioanni
1818 1845 2043 1911 Coleto
2104 1866 2363 1913 sacrum
2418 1850 2524 1913 est

199 1958 357 2018 tuum
401 1973 664 2019 nomeu.
757 1952 940 2030 Quod
989 1953 1055 2016 ni
1099 1952 1402 2018 minister
1446 1952 1838 2035 perdidisset
1884 1951 2226 2036 epistolam
2272 1957 2453 2017 tuam
2472 1950 2517 2029 ³,

197 2057 447 2125 haberet
493 2080 644 2125 eam
703 2056 788 2123 ut'
823 2058 1043 2143 ajebat
1087 2058 1265 2124 inter
1329 2078 1551 2123 sacras
1629 2056 1955 2142 reliquias.
2050 2056 2276 2142 Nuper
2329 2056 2517 2122 invisi

196 2166 641 2232 monasterium
699 2170 1153 2249 pervetustum
1200 2162 1713 2229 Cartusiensium
1768 2162 1943 2248 apud
2000 2162 2308 2230 Sanctum
2356 2162 2522 2229 Ode·

195 2290 420 2336 marum
456 2271 736 2337 Artesiae
793 2270 1130 2354 oppidum.
1225 2271 1382 2354 Ejus
1429 2270 1555 2335 loci
1586 2269 1825 2336 Prior*
1868 2286 1907 2335 e
1952 2270 2083 2336 tuis
2129 2269 2313 2335 libris
2360 2271 2521 2335 mire

191 2374 394 2443 literas
440 2376 788 2442 hebraicas
833 2383 1173 2440 assecutus
1239 2383 1369 2455 est,
1431 2375 1609 2441 nullo
1673 2382 2107 2459 praeceptore,
2176 2375 2295 2442 tibi
2361 2397 2517 2443 vero

192 2478 268 2545 sic
323 2480 624 2562 deditus,
687 2488 761 2547 ut
820 2502 1050 2547 nomen
1113 2482 1312 2546 etiam
1371 2482 1584 2565 ipsum
1656 2487 2021 2546 veneretur.
2133 2482 2289 2545 Erat
2348 2480 2520 2548 forte

189 2587 342 2671 apud
385 2610 490 2655 me
539 2587 841 2673 quaedam
889 2585 1167 2671 epistola
1213 2592 1347 2666 tua,
1397 2608 1591 2671 quam
1627 2586 1741 2651 ubi
1786 2586 1990 2651 sensit
2034 2592 2151 2651 tua
2196 2586 2529 2669 scriptum·

191 2714 382 2787 manu,
429 2688 670 2761 obnixe
718 2694 994 2777 rogavit,
1037 2699 1113 2758 ut
1158 2692 1334 2777 apud
1366 2714 1434 2757 se
1484 2691 1936 2777 relinquerem,
1986 2713 2129 2757 eam
2152 2692 2533 2779 ‘identidem'

191 2801 578 2869 exosculans.
2012 2860 2015 2865 ,
2066 2790 2072 2795 ’
2154 2856 2158 2861 .

347 2907 494 2973 Non
542 2905 738 2991 pauci
783 2911 967 2985 sunt,
993 2953 1002 2967 .
1027 2906 1114 2970 mi
1162 2906 1543 2983 Reuchline‚
1600 2904 1723 2971 hoc
1781 2904 1847 2969 iu
1894 2909 1959 2971 te
2008 2904 2240 2971 animo.
2333 2900 2523 2983 Quod

175 3017 290 3077 ,tua
333 3014 580 3079 virtute
629 3019 976 3078 contentus
1027 3012 1296 3097 negligis
1343 3012 1675 3077 hominum
1720 3009 2256 3089 malevolentiam,
2302 3008 2527 3075 laudo.

190 3115 322 3201 Ipsa
381 3120 598 3185 virtus
681 3118 939 3183 abunde
1016 3140 1318 3201 magnum
1395 3118 1493 3182 tui
1568 3119 1924 3203 praemium.
2016 3116 2099 3181 Et
2168 3116 2225 3181 si
2292 3135 2521 3200 parum

189 3227 468 3307 agnoscit
527 3226 669 3289 haec
743 3231 940 3303 aetaS,
1015 3230 1322 3308 agnoscet
1395 3225 1781 3307 posteritaS,
1859 3223 2136 3307 denique
2215 3224 2523 3311 agnoscet

189 3328 507 3412 Christus,
558 3330 665 3395 cui
709 3330 808 3397 tui
863 3330 1149 3395 militant
1193 3329 1470 3395 labores.
1562 3329 1787 3397 Scribe
1846 3329 1944 3394 vel
2004 3328 2229 3412 paucis
2277 3320 2523 3407 Colet0,

188 3434 236 3500 is
269 3437 404 3521 jam
461 3457 673 3503 senex
723 3442 1042 3519 graecatur
1075 3432 1117 3499 ⁵.
1211 3433 1526 3501 Roffensis
1581 3435 1779 3501 etiam
1823 3434 2141 3518 processit
2202 3431 2523 3503 foeliciter.

1338 3605 1374 3644 διε

330 3718 352 3764 1
397 3711 620 3780 Codice]
650 3712 930 3764 handschr.
968 3712 1060 3762 des
1086 3714 1150 3765 N.
1178 3714 1276 3763 Τά·
1315 3724 1356 3762 s.
1397 3730 1449 3763 ο.
1484 3712 1625 3763 brief
1644 3710 1949 3773 Reuchlins‚
1976 3711 2111 3775 Aug.
2148 3710 2299 3771 1514,
2336 3723 2377 3758 s.
2407 3707 2529 3770 225,
2552 3780 2575 3785 ..

191 3814 230 3849 ι.
254 3806 299 3853 2.
375 3808 404 3853 2
437 3804 555 3853 Dea
585 3802 836 3867 Agricola
858 3802 950 3852 hat
977 3801 1236 3853 Renehlin
1264 3800 1577 3851 schwerlicb
1605 3800 1657 3849 in
1684 3800 1869 3850 Italien
1900 3798 2117 3863 gesehn.
2192 3799 2221 3846 3
2252 3796 2401 3850 Auel»
2428 3810 2527 3845 uns

191 3887 254 3937 ist
287 3890 370 3939 ein
409 3907 480 3941 aa
509 3890 660 3941 Celet
702 3890 1023 3956 gerichteser
1051 3889 1194 3941 brief
1212 3888 1503 3939 Reuchlins
1526 3889 1675 3940 nicht
1700 3887 1953 3938 erhalten.
2099 3889 2131 3934 4
2159 3884 2327 3951 Prior]
2365 3886 2531 3937 wahr-

189 3977 476 4029 scbeinlioh
515 3979 752 4029 Joannes
792 3979 1010 4041 Quonus
1062 3993 1104 4029 s.
1145 3994 1191 4029 ο.
1244 3995 1288 4027 s.
1331 3980 1447 4039 223,
1488 3993 1533 4027 a.
1578 3982 1625 4027 2.
1736 3978 1767 4025 5
1806 3975 1863 4024 In
1904 3974 2021 4025 dem
2059 3972 2389 4023 verzeichnis
2439 3973 2529 4035 det

191 4064 582 4119 Reuchlinisten
635 4069 686 4117 in
734 4066 1000 4133 England,
1054 4067 1150 4117 das
1202 4066 1255 4115 in
1307 4066 1406 4117 den
1469 4081 1587 4131 epp.
1636 4063 1716 4115 ill.
1770 4064 1863 4115 vir.
1909 4079 1956 4113 a.
1996 4078 2047 4113 a.
2086 4079 2136 4112 o.
2182 4061 2297 4110 sich
2350 4060 2531 4125 findet,

191 4152 328 4206 beisst
365 4164 438 4207 es'
459 4156 621 4207 noch:
665 4167 848 4207 omnes
891 4156 1070 4207 sciunt
1091 4170 1264 4221 grace
1301 4160 1523 4220 excepto
1552 4152 1753 4207 Coleto.
1824 4151 1937 4202 Das
1964 4150 2291 4202 verzeiehnis
2328 4148 2537 4223 enthstlt

193 4239 345 4295 ausser
373 4244 566 4295 Coletz
604 4244 677 4301 Μ.
717 4242 1038 4309 Guili'elmus
1073 4244 1340 4295 Groeinus
1377 4241 1683 4308 theologus,
1722 4240 1952 4291 Thomas
1992 4239 2255 4291 Linacrus
2294 4230 2535 4295 medicus

191 4332 380 4396 regins.
455 4330 742 4383 eumbertus
789 4332 1096 4383 Dunatanus
1126 4330 1539 4396 jureconsultus,
1580 4327 1960 4394 archiepiscopi
1992 4325 2388 4376 Caum-ariensis
2409 4341 2531 4375 can·

195 4418 452 4472 cellariae.
527 4396 846 4473 Guilielmus
887 4420 1193 4493 Latamerus
1250 4418 1547 4483 theologus.
1622 4418 1855 4469 Thomas
1913 4417 2091 4465 Morus
2148 4402 2533 4479 Londonifiusis

189 4504 346 4570 judex
381 4515 434 4561 et
473 4508 762 4561 advocatus
799 4508 1198 4560 disertissimus.
1276 4506 1513 4559 Andreas
1551 4505 1865 4567 Ammonius,
1905 4504 2231 4557 secretarius
2277 4504 2534 4564 Lucensis

1982 4581 2113 4638 17*
