2950 5042
1511 408 1642 473 236

413 604 798 682 procurator
841 603 1013 677 tuus,
1061 596 1293 663 doctus
1341 595 1603 681 quidem
1650 606 1713 663 et
1757 598 1822 663 in
1870 598 1969 665 his
2018 597 2161 685 quae
2226 596 2309 665 ad
2357 600 2553 666 forum
2597 620 2723 683 per-

413 702 624 769 tinent
666 702 992 769 interdum
1035 700 1124 769 ad
1168 710 1456 769 nostrum
1506 726 1847 769 recurrens
1896 704 2245 771 oraculum.
2338 705 2723 788 Componitur

411 807 704 893 dialogus
747 809 814 875 in
859 808 956 875 tui
987 807 1424 873 defensionem
1469 830 1589 893 per
1619 810 1826 875 virum
1868 812 1887 849 ¹
1920 809 2364 877 doctissimum
2410 810 2722 893 utriusque

410 921 702 981 nostrum
769 914 1249 995 amicissimum,
1316 915 1503 1001 cujus
1574 936 1803 981 nomen
1873 924 1939 981 et
2006 915 2167 982 alias
2227 916 2567 1001 qualitates
2624 936 2723 979 suo

411 1024 705 1105 tempore
753 1021 938 1087 scies.
1029 1019 1106 1085 Id
1163 1037 1334 1085 nunc
1396 1028 1460 1086 te
1518 1021 1685 1087 scire
1732 1020 2026 1101 sufficiat,
2074 1022 2248 1108 quod
2296 1030 2362 1087 et
2408 1023 2632 1087 latinus
2673 1028 2727 1084 et

407 1145 654 1209 graecus
723 1134 854 1205 est,
931 1126 1126 1191 etiam
1195 1145 1323 1211 quo
1385 1126 1474 1191 ad
1536 1133 1854 1211 utranque
1938 1135 2299 1193 maternam
2362 1128 2631 1210 linguam
2674 1133 2729 1189 et

411 1231 760 1315 primatum
791 1239 968 1297 tenet
996 1231 1164 1297 inter
1195 1230 1600 1297 Christianos
1631 1231 1827 1318 hujus
1860 1232 2096 1311 saeculi,
2144 1254 2271 1320 quo
2304 1232 2389 1298 ad
2424 1232 2721 1297 hebraeam

410 1343 477 1403 et
521 1335 1002 1422 babylonicam,
1063 1336 1186 1402 hoc
1233 1344 1332 1402 est
1376 1337 1711 1421 vulgarem
1756 1337 2189 1418 chaldaicam,
2252 1360 2451 1423 quam
2514 1336 2729 1401 hebraei

409 1444 740 1528 Europam
783 1443 1153 1523 incolentes,
1201 1442 1356 1520 suiS,
1404 1442 1526 1508 hoc
1573 1451 1671 1508 est
1717 1440 2029 1521 hebraeis,
2076 1443 2563 1509 characteribus
2610 1441 2723 1507 effi-

409 1550 589 1633 giant
633 1549 829 1615 etiam
882 1570 924 1615 a
981 1569 1084 1615 me
1131 1548 1380 1614 Joanne
1425 1548 1651 1614 literas
1696 1548 1844 1616 illas
1891 1570 2081 1615 veras
2140 1548 2452 1629 chaldias,
2516 1548 2726 1633 quibus

414 1652 763 1739 Presbyter
807 1653 1140 1721 Johannes
1186 1662 1252 1720 et
1297 1653 1398 1720 sui
1439 1658 1503 1717 in
1554 1675 1777 1719 eorum
1824 1655 2028 1720 sacris
2074 1659 2350 1719 utuntur
2408 1676 2534 1719 non
2578 1655 2728 1737 igna-

411 1759 578 1827 viter
623 1759 864 1826 didicit.
957 1760 1131 1825 Bene
1180 1759 1340 1840 vale,
1389 1760 1486 1825 vir
1532 1758 1904 1843 dignissime
1953 1767 2019 1825 et
2063 1780 2317 1825 omnem
2362 1782 2539 1844 pone
2584 1758 2730 1835 (ora-

413 1865 586 1948 mus)
632 1871 894 1932 metum.
985 1866 1086 1931 Ex
1130 1864 1310 1945 urbe,
1361 1870 1444 1930 25
1493 1866 1807 1931 Januarii.
1898 1866 2083 1931 Anno
2136 1870 2325 1930 1515.

585 1991 909 2053 Gedruckt:
953 1998 979 2051 l
1018 2012 1103 2046 =
1126 1994 1185 2052 J.
1219 2011 1270 2052 v.
1309 2009 1359 2052 e.
1394 1999 1419 2052 t
1452 1996 1527 2053 4a
1558 1992 1646 2051 bis
1678 2008 1731 2052 v.
1776 1992 2152 2051 2==Bulaeus
2186 1993 2224 2051 l.
2261 2008 2308 2051 c.
2344 1993 2451 2067 VI,
2486 2011 2545 2066 p.
2577 1990 2715 2064 72fg.

1486 2175 1674 2243 CCII.

556 2264 756 2316 Erfurt.
2220 2270 2285 2319 26
2325 2266 2456 2317 Jan.
2498 2266 2672 2331 (1515)

923 2352 1284 2454 Eurycius
1323 2352 1609 2427 Cordus
1643 2361 1671 2407 2
1709 2382 1807 2429 an
1843 2354 2231 2430 Reuchlin.

587 2476 837 2543 Mutian
881 2476 1048 2543 habe
1111 2476 1223 2541 ihn
1289 2476 1750 2561 aufgefordert‚
1798 2478 2201 2563 gleichzeitig
2256 2479 2373 2543 mit
2422 2480 2629 2543 Hesse
2672 2498 2735 2539 zu

403 2581 766 2663 schreiben,
813 2581 1106 2649 dadurch
1171 2589 1536 2649 ermuntert
1582 2585 1935 2650 versichert
1982 2606 2053 2649 er
2098 2585 2203 2649 ibn
2256 2584 2737 2683 seiner'bewun-

407 2688 672 2775 derung,
733 2687 1084 2769 bedauert,
1152 2688 1355 2753 durch
1411 2690 1587 2755 scine
1634 2690 2147 2783 'verheirathung
2183 2689 2207 2728 ³
2272 2688 2620 2773 gehindert
2674 2708 2741 2751 zu

407 2794 565 2873 sein,
626 2816 704 2859 zu
770 2794 903 2859 ihm
965 2816 1045 2859 zu
1117 2795 1284 2861 eilen
1332 2795 1461 2860 und
1528 2796 1784 2861 mochte
1832 2818 1987 2879 gern
2036 2796 2142 2861 fiir
2186 2795 2298 2861 ibn
2343 2794 2557 2880 th‘atig
2603 2793 2741 2859 sein.

407 2899 591 2967 Vale.
686 2900 1140 2984 Herphortiae,
1192 2906 1228 2965 7
1279 2902 1413 2967 Gal.
1462 2902 1633 2967 Febr
1666 2902 1710 2967 ⁴¹.

589 3024 911 3087 Gedruckt:
944 3027 1000 3085 J.
1037 3045 1089 3085 v.
1126 3044 1176 3087 e.
1210 3028 1264 3087 A
1297 3022 1392 3087 4b.

1540 3128 1577 3167 ηε

406 3220 548 3267 terea
597 3215 737 3281 quod
785 3216 858 3268 ibi
904 3216 1253 3283 promovisset
1299 3216 1562 3283 evangelii
1614 3216 1925 3269 doctrinam.
1999 3220 2135 3270 Aust
2195 3220 2554 3269 Hamelmann
2599 3232 2742 3283 opera

405 3304 1022 3370 genealogice-historica
1069 3304 1133 3355 de
1167 3303 1497 3369 Westpbalia
1544 3312 1597 3356 et
1634 3306 1865 3355 Saxonis
1920 3313 2017 3357 etc.
2080 3306 2277 3372 Lemgo
2334 3311 2471 3357 1711
2532 3322 2574 3357 s.
2635 3307 2740 3355 298.

558 3395 581 3440 1
627 3391 827 3458 Virum]
882 3387 1224 3441 bekanutlich
1285 3392 1543 3458 Georgius
1603 3393 1871 3459 Benignus
1931 3394 2357 3460 archiepiscopus
2434 3396 2741 3453 Naana-enus,

406 3480 516 3547 vgl.
553 3486 733 3531 unten.
807 3480 914 3529 Fur
951 3480 1034 3529 die
1071 3480 1127 3529 in
1164 3478 1356 3529 diesem
1393 3479 1557 3530 briefe
1606 3481 1991 3548 mitgetheilten
2044 3482 2377 3544 thatsacben,
2430 3480 2743 3532 namentlich

407 3567 492 3618 die
539 3567 682 3618 einer
743 3566 909 3618 durch
959 3567 1155 3618 Martin
1205 3567 1447 3633 Groning
1509 3568 1917 3619 veranstalteten
1966 3586 2136 3620 neuen
2194 3570 2545 3621 lateinischen
2606 3569 2745 3619 iiber-

407 3661 630 3723 setzung
678 3654 766 3707 des
805 3654 1204 3722 augeuspiegels
1249 3655 1550 3721 gegeniiber
1598 3656 1688 3706 der
1721 3656 2027 3707 ’schlechten
2064 3656 2172 3707 und
2207 3658 2541 3723 geflilschten
2584 3656 2744 3707 Hoch-

403 3748 650 3807 stratone,
688 3745 796 3811 vgl.
821 3742 956 3794 auch
981 3744 1133 3795 einen
1157 3742 1296 3793 brief
1329 3742 1417 3792 des
1447 3744 1858 3809 Christophorus
1884 3744 2086 3795 Welser
2121 3760 2189 3794 an
2216 3746 2507 3810 Peutinger
2535 3750 2598 3795 27
2625 3743 2741 3793 Jan.

413 3832 549 3883 1515
591 3831 662 3896 (J.
702 3848 752 3882 v.
793 3848 834 3881 e.
884 3832 926 3880 B
966 3834 1063 3899 3⁸).
1281 3835 1310 3879 2
1349 3830 1468 3896 Vgl.
1524 3832 1752 3883 Crause:
1798 3832 2050 3883 Hanauer·
2084 3832 2542 3897 schulprogramm
2604 3835 2741 3890 1863,

407 3922 438 3971 3
477 3917 534 3969 C.
574 3918 952 3970 verbeirathete
987 3919 1100 3969 sich
1137 3919 1302 3969 sehon
1345 3921 1479 3968 1513
1529 3920 1625 3970 mit
1662 3920 1983 3985 Kunigunde
2022 3920 2184 3970 Stella
2221 3936 2315 3970 aus
2356 3920 2740 3984 Frankenborg,

408 4022 450 4058 s.
491 4007 684 4057 Orause
719 4023 761 4056 s.
803 4010 888 4057 27.
1031 4010 1064 4055 4
1104 4006 1360 4072 Beilaufig
1411 4012 1601 4073 mogen
1649 4006 1761 4057 hier
1804 4007 1976 4075 einige
2026 4024 2173 4058 verse
2222 4023 2318 4058 aus
2356 4009 2561 4059 Euricii
2598 4007 2743 4058 Cordi

411 4093 760 4161 expiatorium
811 4091 911 4157 (int
953 4108 1110 4160 opera
1144 4094 1350 4161 poetica
1394 4098 1527 4145 1616
1577 4112 1617 4145 S.
1665 4098 1761 4146 146
1804 4096 1901 4161 fg.)
1954 4094 2191 4145 erwahnt
2228 4096 2357 4155 sein,
2396 4096 2454 4145 in
2494 4096 2658 4147 denen
2693 4109 2741 4147 es

418 4182 548 4233 iiber
583 4182 643 4231 R.
682 4178 852 4232 heisst:

630 4270 748 4321 Non
788 4274 969 4336 optata
1005 4269 1173 4335 magis
1210 4268 1360 4321 dabis
1399 4271 1479 4321 illi
1522 4270 1658 4335 [dem
1684 4269 1915 4339 Mutian]
1955 4270 2151 4320 nuncia
2188 4286 2346 4335 quam
2384 4286 2502 4334 quae

861 4356 1025 4423 impia
1061 4357 1382 4423 Capnionem
1420 4364 1655 4410 monstra
1689 4358 1916 4409 domasae
1952 4359 2145 4409 ferunt.

624 4445 782 4497 Hunc
831 4460 1080 4511 magnum
1128 4445 1342 4496 laudata
1387 4447 1563 4496 virum
1598 4448 1928 4513 primumque
1964 4452 2172 4512 poetam

963 4530 1191 4603 plurima
1230 4533 1481 4591 victorem
1518 4535 1672 4585 saecla
1708 4534 1881 4586 valere
1911 4534 2054 4609 jube.
