2950 5042
1547 389 1678 456 330

451 582 725 652 aliorum
786 581 1403 648 studiosissimorum
1444 583 1461 624 ¹
1527 580 1896 646 auditorum
1957 599 2248 646 meorum
2294 573 2629 666 ‘praesentia
2669 604 2752 650 re-

448 689 700 758 cedere.
798 688 959 754 Cum
1006 689 1175 756 enim
1211 688 1275 754 in
1316 693 1502 754 tanta
1548 694 1681 755 tam
1719 684 2038 753 hebraicae
2069 707 2264 771 quam
2295 707 2516 770 graecae
2545 688 2753 774 linguae

448 794 915 880 discipulorum
962 792 1327 878 frequentia
1372 792 1634 877 assiduo
1667 791 1885 858 studio
1914 791 1938 830 ²
1985 791 2340 856 indefessas
2387 793 2541 858 mihi
2586 815 2754 859 aures

448 900 825 986 praebuet-ie,
874 907 1009 966 tum
1046 919 1213 966 unus
1259 899 1544 964 omnium
1585 899 1650 962 in
1699 897 1914 980 lingua
1947 897 2252 963 hebraica
2285 899 2629 982 plurimum
2670 921 2756 966 su·

448 1006 643 1086 dasti,
688 1013 758 1071 ut
806 1004 1037 1089 dignus
1082 1005 1235 1070 mihi
1294 1005 1463 1070 visus
1509 1003 1712 1071 fueris
1771 1003 1872 1068 cui
1923 1001 2168 1086 publici
2214 1003 2518 1070 auditorii
2572 1005 2758 1088 pulpi-

447 1119 586 1178 tum
642 1111 1089 1178 concesserim.
1154 1110 1368 1188 Quare
1428 1129 1626 1192 perge
1683 1107 2112 1174 incumbendo
2159 1110 2346 1176 bonis
2405 1109 2610 1176 literis
2642 1109 2665 1150 ³
2705 1116 2762 1176 et

449 1217 761 1286 doctrinae
806 1238 847 1282 a
892 1236 994 1281 me
1040 1215 1389 1300 praelectae3
1438 1215 1532 1280 sic
1579 1215 1748 1280 enim
1794 1214 1858 1278 in
1905 1214 2110 1280 virum
2159 1213 2664 1282 literatissimum
2707 1221 2762 1280 et

446 1320 809 1405 linguarum
868 1321 1351 1387 ornatissimum
1419 1321 1862 1405 interpretem,
1911 1321 2048 1384 Deo
2123 1321 2478 1404 aspirante,
2535 1321 2763 1388 caeteris

448 1426 782 1493 commodo
830 1434 898 1492 et
928 1426 1195 1492 utilitati
1227 1426 1483 1492 futurus
1529 1424 1784 1493 evades.
1835 1423 1992 1490 Vale
2043 1425 2336 1492 feliciter.
2387 1425 2715 1511 Anglopoli
2740 1425 2764 1462 4

452 1537 491 1598 3
537 1533 683 1599 idus
728 1533 974 1616 Aprilis
1020 1552 1189 1597 anno
1240 1531 1496 1596 Domini
1549 1535 1737 1597 1521.

625 1640 947 1702 Gedruckt:
987 1645 1014 1700 1
1041 1640 1724 1700 :DICTIONARIVM
1759 1641 2265 1716 ΙΗΕΒΒΑΙΟἺῙΜ
2305 1642 2590 1702 NOVVM
2621 1641 2762 1700 NON

448 1749 561 1808 EX
607 1746 1093 1818 RAfflINORvM
1142 1745 1606 1805 COMMENTIS
1653 1745 1808 1804 NEC
1877 1747 1986 1806 EX
2053 1747 2569 1807 NOSTRATIVM
2611 1747 2766 1806 DOC-

450 1854 724 1915 TORVM
762 1849 775 1936 1
816 1854 992 1912 stulta
1018 1853 1335 1912 imitatione
1367 1851 1720 1928 descriptum
1753 1853 1856 1912 secl
1891 1869 1962 1913 ex
1995 1855 2135 1929 ipsis
2167 1853 2460 1914 thesauris
2493 1870 2760 1914 sacrorum

446 1960 751 2021 bibliorum
790 1951 800 2040 Ι
840 1967 898 2018 et
930 1956 1241 2017 eorundem
1276 1966 1546 2017 accurata
1577 1959 1834 2017 locorum
1873 1960 2178 2018 collatione
2211 1960 2616 2034 depromptum
2657 1976 2761 2018 cum

449 2064 754 2140 phrasibus
794 2063 805 2140 1
846 2065 1145 2138 scripturae
1186 2066 1397 2123 veteris
1448 2071 1507 2123 et
1545 2065 1676 2122 novi
1721 2067 2049 2124 testamenti
2097 2066 2404 2151 diligenter
2453 2067 2730 2126 annotatis
2753 2086 2766 2144 ,ξ

446 2176 651 2230 autore
694 2171 917 2229 Joanne
964 2169 1239 2229 Forstero
1282 2170 1620 2242 Augustano
1657 2214 1919 2228 ......
1994 2167 2002 2248 Ι
2043 2171 2411 2230 BASILEAE
2442 2171 2729 2230 MDLVII.

445 2275 543 2334 fol.
585 2269 596 2357 Ι
637 2293 673 2335 a
708 2279 765 2334 2.
818 2277 853 2332 2
890 2297 975 2330 =
1005 2276 1175 2334 Joan.
1214 2274 1491 2334 Bismarci
1536 2277 1656 2334 vita
1685 2284 1746 2334 et
1771 2293 1868 2335 res
1909 2281 2087 2350 gestae
2119 2279 2544 2350 praecipuorum
2575 2277 2761 2336 theolo-

446 2399 649 2458 gorum
684 2425 697 2440 .
734 2426 747 2440 .
786 2427 798 2440 .
843 2382 1011 2440 Haloe
1045 2381 1330 2440 Saxonum
1370 2385 1558 2443 1614.
1622 2381 1668 2440 Ο
1709 2379 1797 2440 lb.
1865 2384 1934 2444 3ει
1956 2401 2039 2438 z
2069 2381 2270 2453 Adam,
2321 2384 2460 2442 vitae
2491 2383 2761 2455 theologo·

448 2503 593 2546 rum.
650 2485 1002 2561 Heidelberg
1042 2488 1207 2546 1615
1240 2504 1285 2546 s.
1340 2489 1487 2546 303.
1556 2483 1630 2545 31υ
1666 2509 1749 2542 =
1781 2489 1857 2547 id.
1899 2486 2265 2546 Francofurti
2305 2491 2498 2548 1706.
2551 2507 2597 2547 s,
2644 2490 2763 2546 146.

451 2597 491 2652 4
525 2615 609 2648 =
642 2591 864 2667 Maiae,
914 2595 1030 2652 vita
1080 2591 1415 2666 Reuchlini,
1466 2611 1512 2651 s,
1562 2595 1707 2654 542.
1775 2596 1810 2650 5
1847 2613 1929 2648 =
1966 2592 2162 2668 Geor-g
2207 2593 2488 2654 Theodor
2532 2592 2765 2653 Strobels

447 2697 789 2758 vermischte
818 2698 1082 2771 beitrage
1112 2715 1214 2755 zur
1256 2699 1580 2772 geschichte
1612 2700 1716 2758 der
1747 2699 2032 2758 litei-atur.
2086 2699 2396 2772 Nurnberg
2431 2701 2546 2773 bey
2575 2699 2767 2758 Mai-tin

450 2801 645 2862 Jakob
673 2803 866 2862 Bauer
905 2803 1092 2874 1775,
1127 2819 1172 2862 S.
1214 2806 1356 2865 133.

1517 2945 1725 3012 CCCI.

593 3032 850 3098 Venedig.
2265 3039 2330 3086 23
2371 3037 2521 3102 Sept.
2567 3039 2709 3086 1521.

451 3121 718 3198 Daniel
800 3121 1259 3222 Bombergus
1302 3127 1329 3178 3
1400 3123 1451 3196 J
1456 3124 1683 3198 oanni
1756 3123 2123 3198 Reuchlin
2189 3123 2462 3198 Phorc.
2542 3125 2768 3224 legum

1339 3245 1623 3320 doctori
1678 3246 1752 3321 S.
1814 3247 1885 3320 d.

629 3391 882 3458 Petiisti
928 3411 969 3456 a
1014 3411 1135 3471 me,
1183 3397 1258 3458 ut
1302 3414 1429 3458 uno
1479 3391 1798 3460 volumine
1847 3393 2257 3460 Psalmistam
2303 3415 2455 3460 cum
2504 3390 2768 3460 Salomo-

449 3497 549 3564 nis
595 3497 955 3583 proverbiis
1005 3503 1071 3563 et
1116 3497 1510 3565 Ecclesiaste
1555 3501 1636 3564 in
1685 3498 2039 3565 Euchiridii
2096 3499 2304 3565 forma
2363 3521 2516 3564 cum
2564 3517 2765 3564 aceen-

450 3603 627 3670 tibus
673 3604 1061 3687 impressum
1126 3603 1211 3668 ad
1270 3610 1336 3669 te
1394 3605 1740 3684 mitterem,
1808 3605 1980 3689 quod
2035 3604 2288 3670 medius
2348 3604 2544 3670 fidius
2589 3602 2770 3668 liben-

452 3716 557 3775 ter
604 3707 955 3775 effecissem
1004 3709 1127 3774 nisi
1188 3731 1289 3776 me
1336 3708 1612 3775 Talmud
1648 3710 1672 3749 ⁶
1739 3732 1902 3794 opus
1965 3718 2141 3776 certe
2205 3711 2418 3794 magni
2481 3718 2552 3776 et
2611 3708 2768 3773 labo·

448 3886 634 3938 staben
692 3891 734 3937 1.
812 3890 911 3938 Dn.
947 3887 1147 3938 Joanni
1188 3889 1431 3938 Forstero
1470 3829 1780 3954 Angui‘stano
1827 3887 2177 3954 philosophiae
2232 3889 2482 3954 magistro
2535 3889 2586 3936 S.
2626 3886 2679 3935 Ρ.
2716 3884 2767 3931 Ι).

446 3975 603 4028 Joan.
644 3975 901 4027 Reuchlin
942 3979 971 4026 3
1013 3977 1095 4028 bis
1134 3979 1184 4027 5.

603 4073 621 4116 1
668 4063 1103 4116 Doctissimorum
1132 4066 1220 4114 3¹21>
1254 4063 1336 4115 bis
1363 4065 1409 4115 5.
1530 4069 1558 4114 2
1599 4063 1782 4116 Studio
1822 4064 2161 4131 ausgelassen
2189 4066 2269 4116 ab.
2379 4067 2408 4113 3
2453 4063 2642 4113 Litoris
2665 4073 2764 4110 aus·

448 4152 692 4220 gelassen
713 4155 791 4216 31²,
816 4159 941 4203 stati
962 4152 1129 4204 literis
1158 4153 1348 4204 studiis
1376 4155 1437 4202 δα
1454 4151 1538 4202 bis
1565 4155 1612 4203 5.
1689 4158 1722 4202 4
1749 4151 2064 4220 Angelopoli
2093 4154 2181 4203 3⁸¹³
2201 4152 2283 4204 bis
2299 4155 2346 4215 5,
2373 4153 2580 4204 futurus
2597 4162 2765 4212 ansge-

447 4241 623 4292 lassen
651 4245 697 4303 2,
724 4241 908 4291 sabbis
922 4243 971 4290 5.
1071 4243 1103 4290 5
1134 4241 1319 4292 Daniel
1348 4241 1614 4306 Bomberg
1642 4256 1734 4291 aus
1763 4241 2096 4308 Antwerpen,
2123 4241 2214 4291 der
2251 4240 2416 4290 Aldus
2449 4241 2519 4288 im
2557 4235 2766 4288 drucheu

448 4327 788 4380 hebraischer
828 4329 1019 4390 werke,
1053 4328 1241 4380 druckt
1267 4329 1322 4378 in
1351 4329 1586 4396 Venedig
1631 4331 1762 4380 1516
1796 4329 1879 4379 bis
1911 4331 2060 4380 1548.
2209 4331 2239 4379 6
2282 4329 2378 4378 Die
2415 4325 2646 4392 ausgabe
2688 4321 2766 4372 des

448 4414 867 4481 babylonischen
916 4415 1145 4467 Talmud
1183 4417 1420 4469 erechien
1458 4418 1543 4469 bei
1584 4417 1846 4483 Bomberg
1885 4419 1935 4468 in
1983 4421 2042 4472 12
2084 4417 2290 4473 handen
2336 4419 2468 4474 1520
2505 4415 2589 4470 bis
2631 4411 2762 4466 1⁵23.

449 4500 571 4573 Vgl.
612 4501 761 4555 wolf
803 4521 851 4558 a.
892 4519 937 4564 a.
982 4505 1063 4574 0,,
1103 4505 1206 4556 vol.
1244 4507 1308 4580 ΙΙ,
1348 4523 1387 4568 s.
1428 4508 1531 4569 896
1571 4506 1654 4568 bis
1692 4507 1810 4566 899.
