2950 5042
1600 362 1730 435 192

1489 584 1832 653 CLXVIII.
2637 621 2645 629 »

630 673 909 741 stuttgart.
2320 680 2383 729 22
2424 680 2547 746 Aug.
2586 680 2716 731 1512

487 778 825 855 Mutiano
871 777 1098 876 Rufo,
1156 776 1481 879 Egregio
1532 778 2006 856 Decretorum
2055 780 2387 881 Doctori,
2436 783 2605 859 Viro
2648 784 2771 859 elo-

487 904 980 1003 quentissimo·
1005 916 1079 976 et
1127 902 1367 977 amico
1413 928 1547 975 suo
1604 902 2084 1001 amicissimO,
2146 903 2419 982 Gothae
2466 906 2535 983 S.
2579 908 2654 981 P.
2699 908 2769 983 D.

661 1066 867 1146 Quom
931 1074 1126 1135 antea
1184 1068 1343 1135 nihil
1403 1075 1611 1151 esset,
1673 1070 1962 1137 Matiane
2020 1071 2120 1137 vir
2164 1074 2582 1156 ornatissime,
2632 1075 2773 1160 quod

483 1171 640 1238 mihi
684 1173 834 1256 plus
878 1174 944 1239 in
990 1180 1248 1258 partem
1287 1174 1770 1259 jocundissima)
1815 1174 2166 1261 voluptatis
2200 1180 2487 1247 evenisse
2509 1180 2771 1265 judicavi,

487 1297 682 1363 quam
730 1300 834 1348 me
881 1278 1001 1347 abs
1044 1286 1129 1360 te,
1177 1287 1252 1347 ut
1299 1302 1446 1347 mea
1491 1281 1623 1347 fert
1667 1280 1902 1365 opini0‚
1949 1282 2365 1351 vehementer
2412 1286 2623 1367 amari,
2660 1292 2771 1351 tum

482 1383 605 1450 hoc
649 1389 941 1471 tempore
990 1385 1344 1453 secundum
1389 1386 1676 1453 fatorum
1721 1388 1956 1453 seriem
2000 1393 2118 1454 tua
2165 1390 2321 1459 mihi
2369 1392 2641 1460 amicitia
2667 1412 2768 1455 non

481 1490 610 1555 erit
668 1492 864 1557 etiam
909 1492 1134 1558 utilius
1181 1492 1549 1579 quiequam,
1591 1490 1662 1557 id
1705 1493 2013 1574 maxime,
2062 1495 2320 1579 quando
2368 1517 2491 1581 par
2533 1496 2770 1563 studium

481 1595 682 1667 totius
737 1602 969 1663 vestrae
1035 1597 1405 1664 sodalitatis
1462 1597 1841 1664 literatoriae
1895 1598 1961 1665 in
2006 1619 2145 1665 rem
2190 1622 2403 1667 meam
2451 1601 2769 1679 accesserit,

483 1701 653 1786 quod
711 1709 778 1768 et
844 1703 1142 1788 Petrejns
1201 1702 1663 1788 Aperbaechus
1724 1710 1791 1771 et
1848 1704 2167 1771 Henricus
2231 1706 2537 1773 Urbanus
2585 1709 2606 1747 ¹
2656 1726 2768 1772 cum

479 1806 611 1895 tuis
656 1807 864 1875 literis
908 1809 1318 1893 pollicentur,
1365 1809 1430 1874 in
1480 1807 1717 1894 quibus
1761 1830 1927 1875 unus
1974 1816 2042 1877 et
2085 1810 2259 1878 idem
2290 1814 2768 1881 communis-Deo

479 1914 729 1995 gratia,
798 1913 1083 1979 omnium
1150 1918 1446 1982 vestrum'
1506 1920 1779 1981 conatus
1850 1914 2220 1983 ostenditur
2289 1917 2594 2004 diligendi
2654 1915 2765 1995 mei.

486 2007 675 2093 Unde
723 2018 1108 2086 consolabor
1153 2024 1255 2087 tot
1296 2021 1591 2107 patronis
1636 2020 1902 2106 adjutus
1948 2020 2122 2107 qnod
2154 2024 2367 2091 animo
2414 2046 2540 2091 non
2584 2024 2762 2105 fracto,

479 2126 822 2207 quantavis
867 2125 933 2190 in
981 2132 1260 2207 senecta,
1307 2126 1559 2191 vincam
1605 2125 1913 2210 quaelibet
1957 2129 2248 2195 adversa.
2340 2130 2435 2197 Ut
2478 2136 2579 2197 est
2606 2146 2767 2213 equus

479 2251 826 2313 generosus
847 2280 863 2313 ,
927 2231 1049 2299 etsi
1095 2233 1180 2299 sit
1225 2252 1457 2312 seneX,
1505 2237 1723 2297 tamen
1770 2232 1837 2297 in
1883 2232 2072 2299 malis
2118 2234 2405 2301 animum
2452 2252 2635 2302 suum
2671 2251 2768 2297 non

479 2324 719 2422 dejicit,
767 2335 941 2421 quod
987 2337 1324 2404 Distichon
1355 2337 1623 2404 Orestes
1667 2338 1734 2403 in
1768 2336 2103 2421 Sophoclis
2150 2339 2414 2406 Electra
2448 2334 2713 2426 loquitur
2734 2336 2766 2399 ¹.

525 2430 532 2437 ⁵
657 2442 773 2507 Tu·
817 2464 988 2525 vero,
1055 2444 1364 2528 quantam
1434 2444 1787 2511 fenestram
1852 2443 1937 2509 ad
2005 2443 2169 2511 bene
2218 2445 2609 2531 sperandum
2648 2440 2771 2509 mihi

484 2548 895 2633 patefeceris,
944 2550 1210 2616 credere
1257 2549 1361 2614 vix
1407 2570 1643 2635 queas;
1692 2570 1840 2615 cum
1884 2550 2203 2637 promissa
2242 2551 2587 2629 justissimi
2628 2548 2773 2616 Prin-

479 2655 641 2739 cipis
703 2656 912 2721 nostri
955 2655 982 2695 ⁸
1036 2654 1198 2742 (jam
1254 2655 1424 2721 enim
1486 2655 1687 2741 coepit
1743 2654 1901 2721 mihi
1958 2662 2173 2722 tecum
2231 2656 2370 2724 fore
2432 2654 2772 2731 communis)

475 2764 820 2851 tantopere
865 2761 1022 2827 mihi
1093 2767 1404 2846 exoptata
1466 2761 1786 2827 recitaris.
1880 2762 2153 2828 Fecerat
2205 2760 2381 2828 idem
2434 2762 2771 2849 Spalatinus

473 2887 675 2947 meus,
733 2867 846 2951 qui
901 2866 1201 2933 similiter
1258 2867 1588 2951 negotium
1653 2866 1855 2951 gessit
1914 2866 2000 2933 ad
2045 2866 2508 2953 perficiendam
2555 2884 2773 2936 omnem

476 2971 875 3039 voluntatem
922 2993 1155 3040 meam.
1243 2973 1388 3040 Non
1436 2973 1648 3041 deerit
1692 2994 1949 3059 quoqne
1981 2972 2131 3038 Dux
2172 2994 2356 3041 meus
2386 2975 2436 3057 ⁴,
2482 2974 2579 3041 tui
2606 2968 2772 3038 Ducis

475 3077 921 3145 amicissimus.
1013 3079 1227 3159 Quare
1275 3077 1581 3163 deinceps
1625 3099 1755 3145 non
1800 3078 1937 3144 sola
1968 3079 2263 3162 veritate,
2309 3100 2447 3166 qna
2488 3102 2627 3147 sum
2655 3078 2775 3143 hac-

475 3188 666 3250 tenns
721 3182 1044 3266 defensae,
1105 3170 1330 3251 verum
1385 3205 1519 3251 una
1578 3184 1778 3251 etiam
1824 3204 1865 3253 a
1909 3185 2373 3270 potentissimis
2420 3183 2775 3259 hominibnS,

472 3289 585 3373 qui
646 3295 714 3355 et
760 3291 1098 3357 veritatem
1145 3296 1370 3357 amant
1415 3296 1485 3357 et
1530 3290 1809 3359 oderunt
1852 3290 2238 3371 calumniae,
2284 3290 2508 3359 favore
2555 3288 2773 3364 tuebor,

471 3394 530 3462 si
575 3416 960 3483 quacunque
1005 3397 1283 3463 audacia
1329 3396 1741 3481 Imperialem
1784 3417 2011 3482 pacem
2057 3396 2372 3481 fregerint
2432 3390 2774 3465 adversarii.

471 3501 784 3570 Omnibus
847 3503 1018 3569 enim
1073 3502 1396 3587 ”partibus
1461 3503 1828 3587 Imperator
1900 3522 2128 3586 pacem
2200 3502 2539 3569 mandavit
2598 3495 2776 3583 expri-

469 3606 705 3675 mendo
751 3608 1012 3673 nomina
1058 3606 1402 3675 ductorum
1447 3608 1625 3690 belli,
1670 3608 1858 3674 utin
1887 3607 2011 3675 hac
2042 3608 2274 3675 charta
2308 3607 2334 3648 ⁵
2379 3609 2599 3677 videre
2628 3605 2774 3680 licet,

1624 3755 1661 3795 8

615 3866 638 3911 1
681 3860 784 3911 Die
807 3860 976 3913 briefe
1013 3861 1105 3913 des
1132 3860 1369 3927 Petu-ejus
1396 3861 1503 3915 und
1529 3858 1739 3914 Urbane
1764 3877 1807 3913 s.
1832 3877 1881 3913 o.
1906 3875 2017 3913 nro.
2044 3858 2257 3913 CLXVI
2282 3860 2388 3913 und
2408 3875 2520 3913 uro.
2548 3852 2776 3914 CLXVII,

465 3947 550 4001 ein
590 3948 994 4017 gleichzeitiger
1027 3952 1170 4003 brief
1188 3952 1420 4003 Mutians
1458 3953 1531 4002 ist
1564 3951 1713 4003 nicht
1758 3950 2013 4003 erhalten.
2084 3934 2230 4003 iiber
2264 3946 2353 4001 'die
2390 3950 2619 4001 Erfurter
2651 3942 2776 3997 soda-

465 4036 592 4090 litas
628 4039 699 4088 ist
739 4038 1046 4104 gleichfalls
1095 4039 1190 4090 auf
1221 4039 1601 4106 Kampschulte
1648 4055 1778 4090 αμα.
1822 4055 1873 4089 ο.
1905 4054 1971 4089 zu
2007 4040 2311 4091 verweisen.
2458 4043 2489 4089 2
2534 4038 2590 4088 V.
2628 4036 2687 4085 25
2710 4046 2773 4095 sq·

467 4118 621 4196 ἇσπερ
645 4122 742 4195 γὰρ
768 4121 918 4187 ἵππος
943 4124 1137 4197 εὐγενὴς
1162 4126 1251 4179 κᾶν
1277 4122 1310 4197 ᾖ
1334 4126 1490 4197 γέρων
1516 4124 1563 4177 ἐν
1588 4129 1717 4179 τοῖσι
1746 4126 1916 4187 δεινοῖς
1950 4124 2103 4199 θυμὸν
2128 4123 2218 4178 οὐκ
2242 4123 2515 4178 ἀπώλεσεν.
2586 4126 2615 4174 3
2648 4121 2771 4171 Prin·

466 4213 621 4281 cipis]
661 4213 930 4267 Friedrich
969 4214 1060 4267 der
1100 4216 1275 4280 weise,
1311 4215 1553 4269 kurf‘urst
1588 4231 1691 4268 von
1729 4215 1979 4269 Sachsen.
2124 4220 2160 4267 4
2200 4214 2341 4284 Dux]
2386 4214 2578 4281 herzog
2612 4204 2773 4262 Ulrich

463 4316 572 4359 von
588 4301 998 4369 Wiirttemberg.
1047 4304 1107 4355 In
1148 4303 1376 4357 welcher
1405 4305 1565 4357 weise
1590 4303 1763 4357 dieser
1799 4304 1914 4357 sich
1952 4305 2037 4356 fiir
2062 4304 2177 4357 sein
2208 4304 2460 4357 interesse
2485 4294 2771 4358 verwandtea

464 4388 610 4457 zeisst
655 4390 771 4443 sein
819 4390 962 4445 brief
1003 4407 1084 4455 an·
1123 4392 1208 4445 die
1244 4393 1455 4447 Psi-iser
1490 4393 1650 4447 theol.
1689 4392 1909 4447 facultitt
1946 4410 2065 4445 vom
2108 4396 2173 4443 14
2204 4392 2337 4443 Juui
2378 4394 2511 4445 1514
2545 4407 2585 4443 s.
2619 4392 2769 4439 nuten-

468 4475 502 4529 ⁶
534 4460 682 4531 iiber
718 4478 862 4531 dieze
897 4481 1048 4532 nicht
1085 4481 1352 4541 erhaltene
1389 4481 1629 4535 urkunde
1665 4481 1803 4537 oben
1838 4498 1955 4537 nro.
1996 4480 2153 4534 CLX.
2188 4496 2233 4533 s.
2264 4482 2382 4537 187.
2416 4498 2463 4535 a.
2502 4484 2550 4533 2.

2898 3492 2900 3588 l
