2950 5042
1560 414 1687 483 188

1524 604 1742 674 CLXI.

608 695 860 751 Coblenz.
2350 692 2383 742 9
2418 688 2534 743 Juli
2576 692 2726 743 1513.

1100 768 1466 845 Urkunde
1518 766 1991 843 Maximilian
2044 764 2103 839 Ι.
2137 760 2163 811 ¹

639 900 784 968 Den
826 898 1098 980 fursten,
1142 898 1498 966 besonders
1538 896 1665 965 den
1699 895 2145 963 erzbisehiifeu
2174 915 2299 961 von
2332 894 2565 975 Μαίη,
2608 894 2790 975 ΚὸΙη,

465 1004 684 1086 Trier,
751 1005 909 1072 wird
965 1004 1085 1073 der
1141 1004 1386 1071 befehl·
1419 1003 1684 1071 ertheilt
1702 1052 1718 1084 ‚
1788 1001 2135 1071 Reuohlins
2194 999 2369 1067 buch
2428 1020 2633 1083 gegen
2698 1000 2789 1067 die

463 1110 710 1179 Kiilner
760 1112 785 1151 ²
857 1109 1111 1177 iiberall
1165 1133 1244 1178 zu
1307 1107 1705 1177 confisciren.
1817 1107 2043 1175 Geben
2122 1129 2203 1174 zu
2272 1103 2627 1173 Cobelentz
2696 1127 2789 1171 am

462 1216 754 1283 nundten
782 1222 894 1307 tag
921 1216 1036 1283 des
1064 1222 1315 1283 monete
1343 1215 1533 1283 Julii:
1568 1213 1961 1281 funfftzehen
1998 1211 2132 1279 und
2154 1214 2221 1278 in
2256 1210 2785 1298 dreytzehenden.

445 1376 450 1381 .
641 1325 938 1393 Gedruckt
952 1372 969 1402 ,
1001 1326 1268 1387 deutsch:
1321 1330 1353 1387 1
1393 1344 1476 1383 ε
1507 1322 1898 1387 Pfefferkorns
1944 1324 2295 1399 sturmgloek
2340 1322 2393 1382 A
2442 1318 2586 1397 3ab3
2646 1328 2683 1383 2
2716 1344 2788 1375 =

461 1430 885 1509 beschyrmung
915 1432 952 1493 h
987 1436 1026 1495 4
1055 1429 1148 1509 fg;
1182 1432 1284 1493 lat.
1317 1450 1401 1491 ==
1431 1428 1695 1492 defensio
1724 1430 2095 1506 Peperieorni
2126 1447 2183 1505 p.
2222 1431 2345 1491 103
2377 1426 2458 1503 fg.
2476 1424 2507 1465 ⁸

1510 1615 1761 1684 CLXII.

605 1706 976 1757 Ottenbeuren.
2324 1709 2346 1754 1
2390 1706 2530 1771 Aug.
2578 1705 2729 1755 1513.

550 1794 1028 1911 Leonardus4
1081 1794 1343 1871 Abbas
1397 1793 2029 1897 Ottinpurrhanus
2084 1790 2458 1895 Capnioni
2513 1819 2575 1867 s,
2640 1792 2710 1867 d.

644 1943 1032 2011 Doctissime
1086 1941 1213 2024 vir,
1271 1942 1479 2009 frater
1524 1940 1681 2009 mihi
1725 1942 1792 2006 in
1840 1940 2115 2008 Domino
2163 1938 2443 2007 dilectus
2490 1938 2781 2005 Nicolaus

463 2046 882 2138 Ellenbogius
939 2047 1343 2116 humanitate
1414 2053 1545 2113 tuae
1618 2046 1861 2113 dudum
1935 2050 2127 2113 notus
2144 2096 2159 2127 ,
2224 2045 2365 2112 dies
2440 2051 2775 2130 noctesque

461 2152 691 2233 instat,
737 2159 812 2220 ut
845 2151 1124 2219 Bibliam
1171 2153 1295 2221 sibi
1338 2174 1639 2238 graecam
1671 2156 1979 2219 eoEmam.
2072 2152 2235 2219 Cum
2279 2172 2433 2217 vero
2480 2150 2781 2217 haetenus

463 2257 757 2323 venalem
817 2258 1062 2324 nullam
1119 2258 1473 2325 invenerim
1490 2308 1506 2340 ‚
1564 2258 1798 2325 saltem
1844 2257 2090 2324 habere
2135 2278 2306 2322 nune
2352 2256 2535 2342 eupit
2583 2256 2787 2323 Canti-

463 2384 610 2429 cum
656 2362 840 2430 Cant.
897 2364 961 2429 in
1008 2363 1229 2449 lingua
1272 2386 1503 2450 graeca.
1596 2364 1806 2444 Quum
1851 2385 2004 2430 vero
2052 2363 2283 2430 horum
2329 2361 2650 2430 librorum
2680 2362 2784 2427 tibi

463 2470 715 2556 copiam
779 2491 921 2565 esse
990 2490 1117 2536 non
1186 2469 1511 2552 dubitem,
1578 2469 2017 2554 maximopere
2079 2468 2555 2536 humanitatem
2614 2472 2781 2535 tuam

463 2581 757 2660 rogatam
805 2574 1044 2657 habe0,
1102 2582 1177 2641 ut
1221 2575 1567 2643 tabellario
1616 2575 1725 2661 qui
1772 2575 1967 2641 hasce
2015 2573 2303 2641 reddidit
2348 2574 2473 2640 tibi
2521 2574 2781 2649 litteras,

463 2681 826 2761 Canticum,
850 2680 1035 2747 Cant.
1095 2679 1181 2747 ad
1244 2702 1345 2747 me
1407 2680 1867 2766 perferendum
1915 2678 2073 2745 dare
2120 2679 2298 2745 velis.
2391 2679 2576 2746 Illico
2625 2681 2780 2745 enim

465 2792 534 2853 et
579 2787 752 2854 omni
797 2785 1175 2871 posthabita
1218 2807 1402 2853 mora
1448 2785 1873 2867 exscribetur,
1924 2790 1991 2851 et
2038 2785 2123 2851 ad
2168 2785 2546 2867 terminum,
2602 2785 2658 2851 si
2698 2786 2783 2851 ita

462 2892 658 2972 voles,
704 2913 824 2978 per
868 2898 935 2958 te
982 2890 1318 2977 praefixum
1365 2891 1533 2959 liber
1578 2892 1665 2959 ad
1710 2897 1776 2959 te
1822 2892 2075 2976 integer
2120 2896 2188 2957 et
2232 2891 2473 2958 illaesus
2528 2890 2779 2959 redibit.

464 2998 746 3065 Subveni
780 2991 1021 3083 'quaeso
1039 3046 1056 3078 ‚
1125 2997 1585 3065 humanissime
1641 2998 1767 3077 vir,
1822 2996 2069 3063 homini
2131 2996 2501 3063 litterarum
2546 2997 2777 3064 studio-

465 3104 718 3169 sissimo
740 3152 759 3182 ,.
823 3109 893 3169 et
955 3103 1284 3170 tantillam
1350 3124 1597 3170 moram
1661 3102 2065 3188 peregrinari
2132 3101 2369 3168 librum
2427 3107 2615 3169 tuum
2674 3123 2785 3168 non

461 3208 678 3291 magni
742 3208 976 3275 feceris
1044 3228 1278 3293 quaeso.
1383 3208 1529 3276 Non
1600 3210 1770 3276 enim
1832 3207 2060 3275 dubito
2108 3209 2261 3295 quin
2307 3215 2507 3294 prout
2554 3231 2624 3277 es
2666 3206 2778 3275 offi-

467 3312 880 3394 ciosissimuS,
911 3319 1096 3381 tanto
1126 3320 1420 3401 tempore
1451 3316 1650 3381 etiam
1699 3314 1944 3382 otiosus
1975 3312 2152 3400 apud
2182 3319 2248 3380 te
2281 3312 2604 3383 resideret
2635 3316 2779 3400 ejus-

466 3418 644 3487 modi
689 3419 910 3486 codex.
1004 3420 1170 3487 Vale
1211 3442 1292 3487 ex
1337 3422 1745 3507 Ottinpurra.
1792 3418 1928 3487 Cal.
1978 3420 2151 3486 Sext.
2184 3418 2211 3458 ⁵
2264 3424 2453 3485 1513.

577 3568 580 3571 -
643 3529 967 3591 Gedruekt:
993 3531 1340 3592 schelhorn:
1368 3534 1737 3593 amoenitates
1754 3531 2011 3591 historiae
2031 3530 2433 3591 ecclesiastieae
2452 3536 2516 3591 et
2534 3534 2782 3593 literariae

463 3636 784 3698 Frsnkfurt
818 3639 1010 3711 1738,
1040 3654 1098 3711 p.
1135 3639 1260 3698 596
1294 3655 1382 3713 sq.

1617 3737 1653 3775 ⁸¹³

613 3833 632 3877 1
677 3828 730 3879 S.
750 3826 834 3877 die
851 3825 1180 3892 bomerkung
1205 3842 1272 3877 zu
1309 3825 1443 3877 oben
1465 3842 1576 3877 nro.
1606 3826 1757 3877 CLV.
1836 3830 1863 3876 2
1907 3792 2159 3877 Defensio
2186 3834 2372 3878 eontra
2399 3828 2780 3880 calumniatores

461 3915 810 3967 colonienses
845 3915 953 3981 vgl.
996 3914 1255 3965 Reuehlin
1293 3930 1334 3966 s.
1364 3919 1466 3965 272
1507 3916 1561 3967 ff.
1707 3918 1737 3965 3
1779 3916 1879 3965 Die
1906 3916 2204 3981 sammlung
2240 3916 2290 3967 J.
2320 3933 2371 3968 v.
2398 3934 2443 3968 e.
2484 3917 2680 3968 euthalt
2714 3919 2780 3965 Aa

461 4004 546 4057 bis
583 4005 700 4055 A3a
735 4003 889 4053 einen
925 4001 1292 4054 briefweehsel
1341 4003 1607 4053 zwisehen
1644 4004 1847 4054 Mutian
1884 4004 1990 4055 und
2034 4005 2319 4072 Peutinger
2362 4011 2421 4056 17
2450 4007 2557 4057 und
2584 4008 2647 4056 25
2680 4002 2777 4054 Juli

467 4094 621 4155 1513,
658 4092 751 4142 der
787 4108 830 4143 z.
870 4090 946 4141 th.
993 4092 1124 4142 iiber
1177 4090 1277 4141 den
1316 4090 1743 4142 Reuehlinsehen
1780 4094 1932 4143 stre-it
1969 4092 2201 4143 handelt.
2274 4095 2371 4144 Am
2416 4096 2483 4144 28
2508 4093 2619 4145 Juli
2666 4092 2775 4141 1513

459 4180 638 4231 warde
674 4180 847 4231 sex-ner
881 4179 975 4230 das
1012 4178 1614 4245 verdammungeurtheil
1655 4179 1746 4231 der
1783 4180 2012 4231 lowener
2036 4182 2259 4233 facultut
2293 4182 2500 4249 gesallt,
2538 4182 2647 4232 dem
2670 4176 2772 4230 bald

464 4268 551 4318 die
601 4268 693 4319 der
747 4268 969 4335 iibrigen
1010 4260 1410 4333 theologisehen
1459 4268 1745 4319 faeultaten
1784 4268 1968 4336 folgte.
2042 4269 2161 4336 Vgl.
2202 4269 2462 4320 Renchlin
2510 4286 2550 4321 s.
2590 4270 2679 4319 283
2714 4266 2771 4329 fg.

461 4354 572 4406 und
597 4362 758 4407 unten
788 4359 850 4407 31
877 4354 1012 4423 Aug.
1047 4359 1179 4406 1513
1205 4371 1316 4408 nro.
1345 4356 1553 4407 CLXX.
1700 4360 1731 4405 4
1760 4356 2085 4425 beonet-dns]
2115 4358 2446 4410 Widemann.
2588 4360 2617 4408 5
2655 4358 2769 4419 Sept.

459 4442 771 4507 Schelhorn,
796 4444 890 4495 das
915 4444 1002 4494 ieh
1028 4443 1120 4494 des
1145 4444 1351 4495 daturne
1377 4444 1472 4494 der
1496 4442 1687 4495 beiden
1721 4445 2002 4511 folgenden
2030 4444 2195 4497 briefe
2226 4462 2407 4520 wegen
2436 4449 2489 4497 in
2514 4449 2648 4501 Sext.
2672 4456 2765 4495 vet·

463 4530 650 4588 audert
675 4530 826 4603 habe,
866 4548 1074 4591 woraus
1111 4549 1168 4587 es
1191 4533 1358 4593 leioht
1383 4534 1657 4593 entetehen
1684 4534 1896 4592 konute.
