2950 5042
1569 372 1656 438 92
2883 399 2885 491 1

450 559 665 627 centia
729 564 797 627 et
858 559 1191 629 doctorem
1235 560 1594 630 medicinae
1614 614 1629 645 ‚
1703 568 1770 631 et
1815 564 2103 651 equitem
2149 568 2465 631 aur-atum.
2549 564 2612 631 Is
2649 584 2738 631 me

451 686 674 751 supra,
739 686 936 751 quam
1006 667 1134 733 dici
1182 674 1407 753 queat,
1470 667 1752 737 fideliter
1816 670 2048 737 literas
2095 668 2452 736 Hebraicas
2516 669 2738 755 primus

452 771 678 838 docuit
730 771 888 837 Post
944 793 1095 839 vero
1150 773 1403 859 legatus
1439 776 1462 814 ¹
1511 768 1825 843 Rhomam
1871 775 1958 843 ad
2015 775 2453 842 Alexandrum
2512 779 2739 841 sextum

452 877 564 962 qui
630 876 865 963 reliqui
930 877 1191 944 fuerant
1254 900 1331 945 ea
1386 880 1453 945 in
1516 881 1738 965 lingua
1799 902 2078 947 canones
2106 902 2234 947 -eos
2281 903 2322 948 a
2365 878 2742 947 Gesinatensi

453 981 727 1063 Judaeo,
776 982 1025 1049 scilicet
1054 985 1265 1051 Abdia
1293 984 1425 1052 filio
1454 986 1688 1053 Jacobi
1721 987 2016 1073 Sphurno
2062 988 2281 1071 petivi,
2328 987 2443 1073 qui
2483 1007 2582 1051 me
2613 1006 2748 1070 quo-

447 1087 607 1153 tidie
654 1093 795 1155 toto
839 1089 1178 1174 legationis
1222 1097 1516 1176 tempore
1562 1114 1879 1178 perquam
1925 1093 2294 1159 humaniter
2335 1093 2402 1157 in
2431 1090 2746 1159 Hebraicis

452 1193 745 1274 erudivit,
792 1214 920 1261 non
968 1195 1106 1261 sine
1152 1197 1417 1281 insignis
1466 1198 1784 1265 mercedis
1827 1198 2156 1283 impendio
2192 1200 2234 1263 ².

628 1299 812 1379 Quod
866 1300 1128 1382 iccirco,
1174 1323 1477 1386 germane
1523 1303 1760 1386 frater,
1817 1305 1903 1369 ad
1949 1310 2017 1371 te
2063 1304 2305 1385 scribe,
2363 1309 2442 1370 ut
2485 1300 2750 1369 animad-

448 1411 685 1487 vertas,
734 1411 801 1473 et
845 1407 1078 1491 saepius
1126 1426 1271 1473 cum
1316 1414 1433 1475 tua
1479 1416 1696 1476 mente
1755 1410 2063 1491 revolvas,
2111 1410 2371 1495 quantis
2418 1408 2748 1488 laboribus,

448 1511 851 1596 temporibus
923 1518 991 1579 et
1046 1514 1355 1599 impensis
1412 1514 1736 1581 hebraicae
1795 1515 2028 1601 linguae
2087 1516 2228 1582 sola
2269 1515 2458 1580 initia
2503 1514 2747 1581 sortitus

451 1617 607 1683 sim:
667 1639 811 1703 quae
865 1619 988 1685 tibi
1044 1640 1215 1686 nunc
1269 1621 1457 1705 longe
1512 1621 1820 1688 uberiora
1862 1621 2053 1688 trado
2064 1670 2090 1705 ,
2137 1640 2333 1706 quam
2393 1618 2752 1704 acceperim.

451 1722 919 1791 Dictionarium
1002 1726 1171 1791 enim
1240 1727 1633 1795 Hebraicum
1685 1727 1892 1794 multo
1953 1734 2023 1793 et
2099 1726 2234 1791 acri
2317 1724 2535 1791 studio
2607 1723 2756 1790 solus

452 1828 697 1895 confeci
743 1836 811 1896 et
857 1832 1361 1899 exercitamenta
1406 1839 1645 1913 cetera,
1692 1852 1860 1919 quae
1905 1831 2029 1899 tibi
2085 1837 2152 1897 et
2197 1831 2400 1899 oculis
2454 1836 2522 1897 et
2569 1830 2757 1897 animo

451 1932 669 2001 videre
699 1934 939 2003 licebit.
990 1936 1157 2003 Sane
1186 1938 1570 2005 recordatus
1609 1940 1881 2005 miseros
1911 1942 2139 2003 nostra
2179 1942 2373 2003 aetate
2403 1937 2756 2003 Judaeomm

454 2051 645 2105 casus
667 2089 683 2120 ,
739 2040 855 2127 qui
906 2062 1037 2108 non
1096 2049 1234 2109 tam
1292 2064 1371 2109 ex
1424 2044 1756 2129 Hispaniae
1801 2044 1845 2125 ⁸,
1914 2060 2110 2129 quam
2167 2043 2365 2109 etiam
2411 2036 2772 2107 Germaniae'

454 2152 695 2213 nostrae
737 2144 975 2213 finibus
1025 2147 1199 2232 pulsi
1245 2154 1564 2234 coguntur
1609 2150 1773 2215 alias
1819 2150 1944 2215 sibi
1991 2148 2178 2216 sedes
2237 2168 2534 2233 quaerere
2579 2153 2755 2231 atque

454 2251 541 2317 ad
584 2251 917 2337 Agarenos
950 2251 978 2290 ⁴
1024 2253 1364 2335 divertere,
1410 2270 1540 2341 quo
1586 2255 1882 2322 futurum
1912 2259 2032 2335 est,
2077 2258 2152 2319 ut
2180 2251 2447 2320 tandem
2480 2252 2760 2319 hebraica

454 2355 679 2441 lingua
747 2376 896 2423 cum
959 2378 1297 2426 sacrarum
1365 2361 1708 2427 literarum
1769 2381 2004 2445 magna
2065 2359 2348 2445 pernicie
2410 2378 2612 2443 penes
2662 2376 2760 2420 nos

455 2467 682 2550 posset
744 2463 1039 2531 desinere
1099 2472 1299 2553 atque
1362 2488 1782 2549 evanescere,
1827 2504 1916 2515 --
1959 2486 2214 2531 mecum
2267 2464 2409 2548 ipse
2479 2459 2763 2530 constitui

455 2569 541 2636 ad
586 2569 975 2637 tradendam
1020 2570 1407 2640 Christianis
1452 2573 1745 2641 hebraici
1788 2572 2102 2639 sermonis
2132 2570 2434 2655 peritiam
2467 2569 2591 2636 hoc
2618 2567 2762 2634 libro

456 2674 669 2760 prima
729 2674 1155 2744 fundamenta
1202 2679 1426 2763 jacere
1481 2700 1600 2765 pro
1662 2677 2014 2745 Clementis
2076 2696 2289 2761 papae
2346 2674 2562 2759 quinti
2607 2690 2768 2739 sacra

458 2781 917 2848 constitutione
982 2782 1062 2849 de
1128 2785 1453 2869 magistris
1518 2786 1674 2852 lata.
1766 2783 1955 2863 Quod
2023 2802 2170 2848 cum
2215 2784 2366 2847 ante
2438 2801 2548 2845 me
2621 2778 2768 2842 inter

457 2885 725 2952 Latinos
772 2907 961 2955 nemo
1008 2889 1238 2957 fecisse
1286 2897 1621 2975 appareat,
1669 2910 1860 2975 spero
1907 2888 2057 2953 inde
2113 2886 2390 2971 gratiam
2439 2883 2624 2951 haud
2663 2900 2773 2946 me-

460 2990 745 3057 diocrem
794 2998 862 3057 et
906 2996 1084 3079 apud
1130 3001 1427 3080 posteros
1494 2995 1758 3063 laudem
1819 2993 2069 3079 absque
2132 2990 2375 3056 invidia
2419 3009 2554 3056 non
2598 2989 2772 3053 inter-

462 3096 846 3161 morituram
898 3103 1224 3186 consequi.

670 3208 906 3275 Tribus
960 3205 987 3245 ⁵
1068 3208 1293 3292 itaque
1365 3206 1796 3273 voluminibus
1875 3209 2087 3271 totum
2174 3200 2546 3286 negotium,
2622 3196 2779 3281 adju-

464 3320 654 3381 vante
698 3316 857 3395 Dec,
919 3313 1281 3381 conficiam:
1345 3312 1624 3396 primum
1689 3312 1816 3377 erit
1884 3311 1964 3377 de
2019 3309 2245 3388 literis,
2311 3306 2604 3391 syllabis,
2665 3303 2779 3367 dic·

465 3419 770 3501 tionibuS,
815 3442 1022 3505 usque
1068 3419 1154 3485 ad
1208 3438 1287 3483 ea
1331 3418 1676 3496 vocabula,
1740 3438 1910 3502 quae
1955 3437 1997 3482 a
2049 3415 2110 3481 K
2167 3413 2521 3497 incipiunt,
2579 3426 2778 3477 secun-

464 3525 619 3590 dum
695 3524 775 3591 de
852 3524 1241 3591 dictionibus
1318 3523 1775 3589 inchoantibus
1859 3522 1943 3587 ab
2021 3520 2074 3586 L
2144 3539 2356 3604 usque
2440 3518 2532 3584 ad
2606 3515 2774 3581 finem

462 3704 595 3771 prid.
666 3702 792 3754 Idus
825 3703 1021 3755 Junias
1059 3706 1211 3754 Anno
1248 3703 1462 3753 Domini
1511 3696 2124 3753 MCCCCLXXXXVIII
2177 3696 2382 3746 Primus
2435 3696 2490 3747 in
2538 3694 2682 3760 Lynz
2732 3688 2775 3735 iu

464 3794 611 3842 curia
642 3793 1005 3858 Imperatoris,
1060 3791 1331 3843 Secundus
1384 3793 1579 3842 Romae
1627 3792 1682 3839 in
1732 3790 1880 3839 curia
1925 3787 2102 3853 Papae
2147 3784 2438 3835 Alexandri
2493 3784 2584 3834 VI.
2655 3763 2780 3830 Uber

465 3879 643 3931 Loans
681 3879 789 3946 vgl.
830 3882 966 3933 oben
1001 3897 1115 3933 nro
1154 3880 1371 3931 LXXII.

620 3973 644 4017 1
680 3968 788 4018 Fur
833 3968 977 4021 diese
1024 3966 1425 4037 gesandtschaft
1460 3982 1566 4018 von
1609 3968 1741 4017 1498
1778 3965 1889 4031 vgl.
1941 3964 2076 4015 oben
2127 3976 2242 4011 nro.
2277 3957 2465 4009 LXIV.
2610 3960 2638 4006 2
2673 3951 2781 4017 Vgl.

466 4055 726 4106 Reucblin
773 4071 815 4107 s.
861 4059 946 4107 46.
1093 4060 1124 4109 3
1174 4058 1275 4107 Die
1322 4056 1638 4123 allgemeine
1687 4052 2024 4117 vertreibung
2072 4066 2166 4101 aus
2213 4048 2442 4115 Spanien
2491 4044 2616 4095 fand
2663 4042 2779 4092 1492

412 4177 421 4191 .
468 4148 618 4203 statt3
654 4144 788 4195 iiber
823 4142 909 4195 die
946 4144 1219 4195 einzelnen
1256 4145 1650 4212 verfolgungen
1679 4145 1732 4192 in
1772 4137 2132 4192 Deutsohland
2167 4137 2278 4203 vgl.
2319 4138 2496 4197 Grata,
2531 4130 2705 4201 gesch.
2739 4124 2783 4175 d.

468 4230 663 4293 Juden,
698 4231 784 4281 bd.
820 4232 896 4281 IX
935 4234 1148 4299 passim.
1282 4237 1315 4281 4
1354 4234 1587 4299 Agar-eni
1621 4252 1692 4275 =
1729 4229 1984 4283 Saraceni
2019 4229 2108 4293 qui
2146 4226 2357 4277 scilicet
2391 4240 2449 4275 se
2485 4220 2783 4275 existimant,

471 4324 615 4370 ortos
652 4335 717 4368 ex
754 4320 979 4371 Ismaele
1021 4322 1132 4371 filio
1176 4323 1367 4387 Agat-is
1421 4326 1471 4371 et
1509 4319 1814 4370 Abrabami.
1892 4319 1974 4366 Du
2014 4316 2196 4381 Gange
2235 4314 2564 4365 Glossarium
2601 4305 2781 4359 mediae

475 4412 526 4457 et
560 4407 773 4457 infimae
822 4408 1101 4459 latinitatis
1136 4409 1176 4472 1,
1214 4424 1255 4460 s.
1299 4411 1413 4461 139.
1565 4410 1596 4459 5
1633 4406 1891 4457 MVNST.
1937 4406 2045 4456 Nos
2093 4404 2276 4455 ordine
2320 4401 2416 4455 illo
2465 4398 2646 4451 relicto
2689 4399 2780 4442 ποῦ

472 4493 641 4547 libros
678 4496 1023 4552 commodiori
1060 4496 1241 4550 ordine
1275 4498 1332 4547 in
1369 4496 1502 4549 duos
1538 4494 1856 4563 digessimus
1891 4510 1978 4545 am
2014 4491 2167 4545 Rand
2204 4495 2253 4549 2.
