2950 5042
1534 388 1671 455 21ss

429 580 729 643 Canticum
764 573 1046 643 zaunio
1100 581 1258 643 Luce
1305 582 1351 642 1.
1393 577 1407 659 Ι
1445 582 1679 643 Letates
1722 581 1871 643 blatt
1926 577 2307 643 vorderseite:
2380 580 2624 659 Auguste
2670 599 2730 643 ex

427 686 659 754 officina
687 687 942 748 Erhardi
987 680 1205 771 neglin]
1233 704 1430 749 mense
1460 688 1631 749 Maio·
1666 704 1837 747 anno.
1882 682 2274 773 M.D.xl111.]
2337 689 2613 749 Daranter
2647 688 2731 749 0.ss

429 792 1096 855 Bmhdruckerzeichen.
1161 798 1197 855 3
1233 794 1432 871 Bogen
1459 796 1499 855 a
1529 793 1567 853 4
1599 794 1699 853 bn.
1733 796 1793 854 in
1816 790 1913 854 4⁰.

1386 978 1817 1049 CLXXXVII.
2480 1030 2487 1035 .

575 1068 858 1135 Stuttgart.
1746 1102 1753 1107 -
2268 1071 2332 1120 19
2370 1068 2500 1123 Juni
2540 1069 2674 1117 1514.

428 1148 873 1231 Reverendis
925 1170 997 1231 et
1045 1152 1595 1233 venerabilibus
1640 1154 1977 1261 patribus
2020 1158 2330 1259 egregiis
2379 1169 2451 1231 et
2486 1156 2734 1233 eximiis

433 1280 710 1357 divinae
755 1281 1136 1382 scripturae
1191 1280 1729 1381 professoribus
1780 1282 2060 1358 decano
2122 1294 2194 1357 et
2260 1280 2735 1360 sacratissimas

433 1404 833 1505 theologiae
870 1404 1209 1483 facultati
1227 1404 1715 1481 Parrhisiensi
1746 1404 2066 1479 dominis
2100 1404 2252 1479 suis
2275 1430 2502 1505 quam
2520 1404 2734 1479 colen-

1253 1526 1577 1602 dissimis
1611 1552 1668 1601 S.
1709 1554 1783 1629 p.
1828 1528 1900 1602 d.
1933 1524 1958 1574 ¹

609 1674 994 1761 Quanquam
1043 1673 1127 1742 ab
1176 1675 1446 1742 ineunte
1495 1681 1711 1758 aetate,
1756 1674 2249 1760 sapientissimi·
2272 1680 2343 1740 et
2374 1672 2737 1761 amplissima

430 1778 498 1846 in
543 1780 683 1847 toto
743 1802 908 1865 pene
973 1780 1151 1849 orbis
1205 1786 1536 1850 'terrarum
1590 1782 1808 1867 spacio
1855 1780 2048 1847 laude
2097 1774 2593 1847 celebratissimi
2634 1780 2729 1846 viri

431 1878 688 1972 semper
731 1907 834 1952 me
880 1886 1098 1953 studui
1143 1886 1402 1973 placere
1451 1887 1665 1970 bonis,
1715 1894 1782 1954 et
1826 1886 2098 1953 neminis
2144 1887 2459 1953 honorem
2501 1884 2723 1965 laedere,

429 1997 651 2057 tamen
699 1990 832 2058 'hoc
897 1990 1175 2059 triennio
1222 1990 1363 2059 fieri
1409 2014 1539 2061 non
1584 1994 1831 2078 potuit,
1896 1994 2051 2080 quin
2108 1996 2407 2058 extrema
2452 1990 2646 2057 ferme
2680 1990 2725 2055 in

430 2104 624 2164 aetate
672 2118 818 2164 mea
863 2098 1126 2165 tandem
1172 2099 1256 2167 ab
1286 2098 1566 2183 indignis
1598 2096 1855 2183 indigne
1887 2098 2214 2165 lacerarer
2242 2096 2533 2165 infamia.
2586 2096 2733 2163 Facit

431 2202 553 2270 hoc
601 2202 919 2284 diaboluS,
967 2205 1148 2290 cujus
1196 2202 1440 2271 invidia
1486 2226 1659 2272 mors
1704 2204 1974 2271 intravit
2018 2203 2086 2269 in
2146 2204 2372 2271 orbem
2418 2209 2729 2281 terrarum,

429 2315 507 2375 ut
567 2308 821 2395 pariter
879 2310 1123 2376 invidia
1187 2312 1532 2377 discidium
1588 2318 1780 2397 paret
1826 2310 1853 2349 2
1909 2308 1976 2374 in
2032 2308 2127 2375 eis
2184 2331 2347 2396 quos
2408 2312 2587 2377 novit
2625 2314 2737 2373 tan-

432 2414 638 2500 tisper
684 2412 750 2479 in
797 2414 919 2483 deo
965 2438 1248 2497 manere,
1298 2416 1451 2483 dum
1484 2417 1842 2483 manserint
1880 2416 1947 2481 in
1978 2415 2319 2496 charitate,
2369 2436 2565 2501 quam
2594 2416 2738 2480 inter

434 2542 538 2587 me
585 2520 1124 2607 adversariosque
1170 2543 1349 2589 meos
1395 2529 1512 2588 aut
1558 2522 1752 2607 fregit
1796 2520 2107 2603 avaricia,
2164 2525 2279 2587 aut
2322 2522 2506 2609 rupit
2551 2540 2741 2605 super·

431 2624 560 2709 bia,
607 2632 724 2695 aut
779 2626 1040 2694 luxuria
1099 2624 1438 2714 dissipavit
1502 2626 1759 2695 aliudve
1824 2626 2115 2695 incidens
2172 2623 2393 2694 odium
2460 2648 2585 2712 quo
2638 2624 2742 2690 fra-

430 2738 622 2801 terna
677 2735 1075 2817 extinguitur
1123 2734 1402 2801 dilectio.
1494 2732 1638 2801 Hoc
1704 2734 1875 2799 enim
1928 2734 2205 2819 ingenue
2265 2732 2517 2814 fateor,
2578 2728 2742 2819 quod,

428 2840 693 2906 tametsi
738 2840 982 2907 omneis
1029 2838 1054 2879 ⁸
1117 2838 1406 2905 homines
1455 2842 1693 2906 virtute
1740 2838 2054 2925 praeditos
2107 2839 2582 2927 quammaxime
2626 2834 2745 2903 dili-

432 2968 575 3030 gam
640 2952 708 3012 et
766 2942 1069 3026 tenerer,
1133 2950 1352 3012 tamen
1398 2946 1525 3013 fuit
1571 2943 1885 3013 hactenus
1934 2967 2080 3013 cum
2124 2945 2301 3011 nullo
2349 2944 2511 3012 mihi
2557 2964 2745 3011 sacra-

433 3047 578 3118 rum
635 3051 1016 3135 religionum
1081 3052 1306 3118 ordine
1363 3052 1608 3118 arctior
1663 3050 1969 3118 amicicia
2018 3072 2213 3137 quam
2260 3050 2742 3139 praedicatorum

431 3164 673 3224 nostrae
728 3158 1103 3242 provinciae,
1167 3156 1400 3243 quibus
1470 3159 1731 3225 circiter
1790 3178 1994 3226 annos
2063 3156 2503 3242 undetriginta
2549 3158 2577 3197 ‘²
2629 3154 2745 3221 sine

433 3263 674 3349 preci0,
719 3263 968 3349 absque
1012 3265 1298 3352 praemio,
1347 3263 1528 3330 nulla
1574 3287 1688 3350 spe
1734 3262 1901 3330 lucri
1933 3262 2186 3345 ductus,
2234 3262 2353 3329 sed
2384 3263 2591 3330 solum
2618 3282 2746 3348 pro-

431 3375 582 3456 pter
627 3368 817 3435 deum
866 3375 934 3435 et
978 3372 1304 3455 ingentem
1349 3392 1567 3439 meum
1615 3392 1769 3454 erga
1814 3370 1960 3436 illos
2005 3390 2305 3435 amorem.
2338 3390 2419 3434 ac
2479 3388 2748 3435 reveren-

439 3478 602 3542 tiam
649 3475 982 3543 commode
1028 3476 1408 3561 utiliterque
1455 3499 1581 3542 non
1629 3480 1885 3542 tantum
1929 3476 1994 3540 in
2042 3474 2286 3544 ducatu
2334 3474 2611 3554 Sueviae,
2652 3470 2747 3537 ubi

432 3580 659 3649 habito
684 3632 700 3664 ‚
764 3604 988 3649 verum
1060 3582 1258 3648 etiam
1321 3582 1388 3648 in
1464 3587 1608 3648 tota
1679 3580 2033 3647 Germania
2094 3580 2544 3667 patrocinatus
2608 3598 2746 3655 sum,

433 3690 634 3757 etiam
683 3711 830 3756 cum
876 3689 1285 3755 fortunarum
1333 3709 1626 3755 mearum
1674 3686 1982 3756 nonnullo
2031 3685 2389 3772 dispendio.

614 3794 797 3863 Unde
859 3802 1155 3880 poteram
1213 3794 1402 3861 facile
1449 3794 1609 3860 mihi
1653 3795 1780 3879 ipsi
1835 3792 1914 3859 de
1960 3786 2216 3860 illorum
2265 3796 2583 3878 perpetua
2624 3809 2747 3875 gra-

433 3899 730 3984 titudine,
792 3901 1050 3988 qualem
1107 3922 1225 3985 per
1279 3900 1505 3966 literas
1567 3906 1703 3967 tam
1758 3899 2055 3985 publicas
2103 3921 2365 3965 suorum
2410 3893 2747 3984 provincia-

432 4006 589 4075 Iium
654 4012 848 4094 quam
904 4006 1303 4091 singulorum
1363 4006 1655 4093 privatas
1712 3997 1947 4091 sigillis*
1986 4005 2119 4071 suis
2166 4004 2509 4073 roboratas
2557 4008 2620 4069 et
2660 4020 2747 4065 us-

434 4137 560 4206 que
607 4104 733 4181 huc
777 4115 845 4180 in
892 4111 1404 4199 chartophilacio
1439 4110 1464 4151 ⁵
1511 4134 1655 4179 meo
1704 4116 2017 4193 servatas,
2066 4112 2237 4196 saepe'
2282 4108 2553 4195 polliciti
2596 4108 2743 4183 sunt,

1566 4242 1601 4281 ‘l‘

581 4334 604 4382 1
645 4318 786 4384 stati
845 4332 936 4384 der
994 4332 1382 4401 vollstandigen
1443 4333 1750 4385 aufschrift:
1792 4330 1801 4339 ’
1838 4330 2100 4381 Facultati
2160 4328 2437 4397 theologia
2492 4320 2743 4395 parisiensi

431 4422 669 4473 Joannes
693 4421 950 4473 Reuchlin
976 4422 1081 4472 LL.
1110 4422 1327 4473 Doctor.
1353 4422 1404 4473 S.
1431 4422 1496 4472 D.
1528 4423 1588 4474 P.
1616 4427 1667 4475 2.
1696 4425 1747 4473 3.
1896 4424 1924 4469 2
1962 4420 2206 4470 Par-reret
2232 4422 2280 4469 3.
2426 4420 2453 4467 3
2494 4416 2675 4467 Omnes
2697 4413 2739 4461 3.

435 4514 468 4561 4
503 4508 910 4579 Duodetriginta
942 4509 1078 4565 oben
1115 4525 1228 4565 aro.
1265 4511 1572 4567 ohxxxu.
1722 4512 1753 4563 5
1794 4506 2256 4578 chartophylacio·
2280 4512 2329 4559 2.
2368 4510 2417 4561 3.
2454 4536 2461 4543 ·
