2950 5042
1575 384 1700 453 128

656 576 980 639 Gedruckt:
1038 580 1068 637 1
1118 600 1204 634 =
1236 578 1550 639 Reuchlins
1581 583 2024 657 augenspiege13
2069 581 2196 641 B..
2220 626 2234 640 .
2283 582 2363 655 Ε;
2412 586 2448 641 2
2499 604 2578 635 =
2620 598 2668 641 v.
2711 582 2758 641 d.

476 682 687 761 Hardt,
734 683 835 746 fol.
870 688 953 745 20
985 685 1072 745 bis
1108 686 1222 758 343
1271 688 1306 745 3
1344 706 1429 739 =
1460 686 1792 761 Meyerhoff
1816 706 1863 748 8.
1901 691 1980 747 18
2017 690 2101 749 bis
2135 692 2171 748 7
2181 691 2240 748 4.

1493 886 1780 955 CXXIII.

622 972 900 1039 stuttgart.
2301 981 2367 1029 20
2405 978 2533 1029 Nov.
2576 978 2708 1027 1510.

476 1078 778 1155 Maister
840 1078 1202 1153 Hannsen
1269 1076 1771 1156 Ammerbach
1837 1079 2107 1181 burger
2169 1110 2262 1156 zu
2314 1082 2531 1157 Basel
2590 1081 2768 1157 unnd

476 1202 971 1278 buchtrucker
1036 1202 1311 1277 minem
1378 1202 1625 1299 lieben
1695 1204 1905 1279 unnd
1976 1218 2235 1304 gutten
2307 1205 2579 1281 friinnd
2643 1204 2766 1307 [Jo.

1199 1324 1595 1429 Reuchlin]
1654 1326 1727 1403 S.
1787 1328 1876 1401 D.
1935 1328 2020 1403 P.
2067 1329 2089 1368 ¹

656 1488 832 1555 Data
864 1508 1067 1574 opera
1096 1488 1185 1555 mi
1216 1488 1665 1571 Amorbacchi,
1709 1490 1979 1557 tandem
2011 1512 2162 1559 ecce
2193 1492 2317 1559 tibi
2345 1491 2726 1559 Ezechielem
2752 1489 2770 1527 ²

480 1600 551 1661 et
606 1594 855 1661 Graece
916 1601 984 1661 et
1050 1594 1373 1663 Hebraice,
1439 1597 1832 1681 castigatum
1895 1597 2069 1663 inter
2129 1604 2230 1664 tot
2297 1598 2546 1684 Scyllas
2609 1602 2776 1681 atque

482 1700 879 1786 Charybdeis
898 1722 934 1767 e
960 1701 1297 1785 naufragio
1322 1702 1461 1787 lege
1476 1703 1730 1769 Rhodia
1762 1702 2012 1770 salvum
2033 1704 2240 1785 mitto,
2260 1703 2537 1769 daturus
2561 1707 2776 1778 caetera,

482 1804 636 1871 dum
701 1829 820 1892 per
876 1806 1238 1873 saecularia
1295 1808 1564 1893 negocia
1618 1814 1757 1874 tam
1824 1810 2278 1877 triumviratus
2345 1809 2557 1876 nostri
2617 1818 2775 1892 quam

485 1911 732 1978 ducalis
778 1913 1035 1997 imperii
1078 1912 1318 1980 licebit.
1410 1915 1660 1980 Tantus
1715 1921 1935 1981 autem
1993 1937 2147 1999 erga
2200 1920 2269 1981 te
2324 1915 2486 1980 mihi
2534 1919 2631 1979 est
2670 1910 2775 1977 ani-

481 2038 646 2097 mus,
705 2023 783 2083 ut
828 2018 1019 2083 facile
1066 2019 1310 2085 omneis
1357 2020 1702 2105 omniaque
1759 2027 1912 2087 ante
1976 2032 2172 2105 quam
2227 2026 2294 2086 te
2361 2020 2769 2105 relinquerem.

480 2122 658 2187 Nihil
720 2122 873 2189 addi
933 2123 1017 2189 ad
1072 2131 1365 2191 nostram
1421 2127 1783 2192 amiciciam
1839 2132 2088 2211 potest,
2150 2128 2246 2191 ita
2305 2133 2600 2191 amamus
2643 2124 2776 2189 inter

436 2310 443 2314 .
481 2249 618 2309 nos,
667 2229 760 2295 sic
790 2249 974 2313 pure,
1019 2237 1095 2295 ut
1141 2231 1195 2296 si
1240 2232 1426 2315 pueri
1474 2231 1695 2297 simus.
1791 2232 2201 2316 Quamquam
2247 2238 2313 2298 et
2356 2232 2524 2297 illud
2571 2229 2782 2295 Aristo·

482 2333 715 2417 phanis
760 2335 827 2399 111
871 2335 1164 2419 nephelis
1212 2358 1362 2403 vere
1411 2337 1493 2403 de
1553 2337 1740 2404 nobis
1799 2338 1927 2404 dici
1987 2344 2188 2422 queat
2253 2344 2332 2413 ὡς
2378 2328 2468 2414 δύς
2512 2326 2708 2407 παῖδες
2743 2337 2783 2395 οἱ
2893 2410 2895 2429 2

480 2440 769 2531 γέροντες.
862 2439 1157 2507 Vidimus
1214 2442 1413 2526 igitur
1470 2464 1519 2509 s.
1569 2444 2030 2529 Hieronymum
2074 2443 2140 2509 in
2188 2441 2408 2527 genesi
2456 2441 2694 2509 Graece
2734 2440 2785 2501 et
2894 2472 2895 2498 1

483 2546 826 2627 Hebraice,
872 2546 936 2611 in
983 2547 1321 2633 prophetis
1373 2553 1451 2614 12
1501 2548 1857 2615 minoribus
1904 2548 2171 2629 Graece,
2216 2548 2284 2613 111
2315 2546 2671 2614 Salomonis
2705 2563 2789 2607 vo-

481 2651 848 2734 luminibus,
893 2654 963 2718 in
1008 2654 1295 2720 Danielis
1341 2654 1627 2734 dimidio,
1673 2656 1741 2720 111
1785 2660 1925 2721 1010
1971 2654 2178 2734 Isaia,
2221 2652 2288 2718 111
2333 2652 2670 2743 Ezechiele
2714 2647 2789 2713 in·

482 2764 667 2844 tegro
725 2760 974 2827 Graece
1034 2766 1103 2826 et
1156 2760 1507 2841 Hebraice3
1576 2766 1878 2845 superest
1931 2782 2011 2827 ex
2068 2759 2552 2827 commentariis
2596 2757 2790 2823 Hiere-

482 2865 647 2931 mias
708 2866 883 2932 solus
948 2870 1016 2931 et
1072 2864 1449 2932 dimidiatus
1509 2864 1739 2933 Daniel
1803 2888 1950 2933 cum
2009 2870 2418 2931 caeterorum
2480 2862 2791 2943 Hebraico.

483 2971 651 3037 Nam
697 2972 882 3055 parvi
914 2970 1176 3051 laboris,
1222 2977 1297 3037 ut
1342 2972 1648 3052 arbitror,
1696 2972 2079 3057 psalterium
2128 2970 2272 3037 erit.
2364 2970 2510 3049 Qua
2554 2972 2793 3054 propter

486 3098 621 3157 oro,
667 3082 742 3141 ut
785 3076 871 3141 ad
916 3098 1019 3142 me
1068 3077 1335 3158 scribae,
1385 3099 1552 3163 quae
1601 3078 1687 3144 sit
1732 3077 2139 3162 cogitationis
2179 3082 2335 3142 tuae
2380 3075 2703 3143 institutio
2743 3074 2794 3136 et
2889 3156 2891 3173 .

490 3202 771 3267 quonam
832 3181 1057 3248 ordine
1119 3189 1354 3249 cuncta
1413 3184 1572 3249 velis
1633 3184 2021 3267 imprimere.
2115 3167 2233 3249 Sio'
2278 3166 2484 3248 libi-os
2535 3180 2653 3247 tibi
2695 3177 2795 3257 sin·
2890 3174 2891 3196 ¹

487 3287 671 3372 gulos
732 3288 1127 3355 commodius
1195 3289 1647 3380 suppeditabo.
1739 3290 2156 3373 Hirsaugiam
2211 3288 2462 3354 accessi
2517 3308 2637 3352 nec
2689 3282 2796 3347 illic

488 3394 785 3460 inventus
834 3401 934 3460 est
979 3394 1183 3475 1111118,
1232 3395 1356 3461 11181
1419 3418 1614 3481 quem
1660 3394 1746 3461 ad
1805 3402 1872 3461 te
1929 3416 2101 3460 nunc
2163 3394 2354 3461 mitto
2399 3389 2796 3458 Ezechielem.

487 3499 564 3565 In
617 3497 993 3584 Esselingen
1060 3501 1219 3567 nihil
1267 3501 1520 3585 reperi,
1588 3501 1656 3566 in
1704 3500 2129 3567 Bebenhusen
2185 3498 2317 3579 fui,
2379 3519 2514 3563 non
2559 3498 2626 3563 in
2667 3513 2798 3569 rem,
2888 3524 2889 3529 1

488 3606 738 3673 scilicet
798 3606 1178 3673 absentibus
1224 3605 1543 3675 librorum
1599 3606 1948 3692 praefectis
1973 3656 1989 3687 ,
2055 3604 2170 3671 sed
2233 3603 2464 3670 redibo
2513 3606 2797 3669 actutum.

487 3714 586 3780 Tu
644 3736 751 3780 me
808 3714 1005 3780 facito
1067 3713 1412 3779 certiorem
1472 3714 1552 3779 de
1600 3714 1916 3779 societate
1961 3716 2180 3778 vestra
2224 3709 2636 3788 triumvirali,
2679 3724 2799 3789 per-

487 3820 742 3888 fectane
790 3821 893 3902 sit,
940 3840 1024 3886 an
1069 3841 1198 3887 non
1231 3818 1273 3885 ³.
1366 3821 1463 3886 De
1499 3820 1742 3906 nuptiis
1789 3839 2044 3905 quoque
2076 3816 2344 3883 Joannis
2389 3814 2604 3882 nostri
2648 3805 2802 3879 Sedi-
2886 3884 2887 3891 χ

1651 3966 1687 4007 ιιι

637 4060 661 4106 1
703 4053 977 4107 Zwischen
1024 4056 1221 4107 diesem
1266 4055 1372 4107 und
1419 4056 1536 4107 dem
1583 4056 1749 4107 briefe
1793 4071 1916 4107 vom
1971 4059 2032 4106 12
2071 4053 2188 4105 auli
2226 4052 2383 4120 (oben
2432 4068 2548 4105 nro.
2588 4047 2804 4111 CXVIII)

488 4142 624 4210 liegt
660 4144 771 4208 ein,
814 4160 913 4195 nur
960 4160 1055 4194 11118
1102 4160 1342 4195 unserem
1378 4146 1545 4197 briefo
1583 4161 1648 4195 zu
1685 4143 2152 4207 erschliessender,
2201 4143 2310 4193 und
2348 4142 2518 4193 durch
2555 4141 2656 4191 den
2690 4131 2809 4188 brief

488 4248 610 4283 vom
650 4235 713 4282 31
756 4232 961 4298 August
1006 4234 1136 4283 1512
1177 4232 1548 4299 heglaubigter
1591 4234 1862 4300 14tagiger
1899 4230 2196 4283 aufenthalt
2232 4230 2520 4283 Reuchlins
2559 4232 2615 4279 in
2655 4221 2804 4277 saeel-

494 4324 523 4369 2
573 4319 688 4387 Ez.]
744 4320 954 4371 bezieht
1001 4321 1118 4373 sich
1168 4321 1265 4371 auf
1316 4322 1401 4371 die
1446 4338 1596 4388 ausg.
1650 4322 1741 4373 des
1799 4322 2170 4388 Hieronymus·
2355 4321 2386 4369 3
2438 4319 2540 4369 Die
2591 4316 2804 4369 Societas

492 4398 835 4459 triumviralis
877 4410 947 4459 ist
984 4409 1119 4459 ohne
1165 4409 1367 4459 zweifel
1413 4409 1498 4459 die
1537 4411 1868 4476 verbindung
1915 4410 2006 4461 des
2041 4409 2318 4459 Johannes
2359 4406 2685 4468 Amet-bach,
2729 4401 2806 4451 des

494 4495 617 4547 Joh.
649 4496 855 4547 Froben
893 4496 999 4547 und
1036 4497 1161 4549 Joh.
1203 4498 1357 4563 Petri,
1395 4498 1480 4549 die
1517 4500 1772 4567 iibrigens
1809 4499 1976 4551 sehon
2013 4515 2108 4550 vor
2147 4498 2237 4549 der
2273 4498 2378 4549 zeit
2422 4495 2598 4547 dieses
2633 4488 2806 4546 brieses
