2950 5042
1308 401 1435 468 341

842 589 1045 646 Facilis
1086 591 1369 644 descensus
1409 591 1618 645 Averno
1647 593 1666 629 ¹

493 675 715 741 (Noctes
749 685 904 745 atque
944 679 1057 732 dies
1094 691 1239 748 patet
1275 683 1372 731 stri
1404 681 1570 746 janna
1605 681 1766 751 Ditis)

500 766 601 816 Sed
639 783 889 819 revocare
927 769 1149 834 gradum
1188 783 1508 836 superasque
1548 768 1770 820 evadere
1807 768 1873 820 sd
1913 785 2070 821 suras

504 855 620 904 Hoc
646 853 667 889 ²
710 871 861 924 opus,
898 855 985 906 hic
1024 857 1175 908 labor
1213 865 1306 908 est.

391 983 577 1064 Quod
622 984 873 1052 divinus
922 1007 1179 1072 quoque
1213 986 1553 1070 I'itagoras
1600 984 1656 1050 Y
1704 1005 1914 1070 graeca
1960 986 2154 1054 litera
2200 989 2546 1076 depingere

216 1087 489 1169 solebat,
539 1091 720 1176 cujus
778 1091 804 1131 ⁸
850 1092 1090 1178 ungula
1134 1093 1368 1158 dextra
1410 1093 1476 1158 in
1525 1091 1726 1158 altum
1773 1091 2127 1176 porrigitur
2173 1094 2340 1162 viam
2384 1096 2546 1162 indi-

206 1194 459 1261 catione
506 1195 817 1262 virtutum
876 1198 1148 1264 arduam
1204 1219 1281 1264 ac
1346 1199 1627 1264 transitu
1687 1195 2032 1276 difficilem,
2079 1198 2346 1266 sinistra
2390 1223 2542 1268 vero

205 1300 457 1368 itineris
522 1302 831 1369 viciorum
889 1303 1085 1370 index
1144 1305 1379 1390 supina
1441 1308 1544 1369 est
1589 1309 1656 1368 et
1712 1302 1956 1369 reflexa
2011 1304 2344 1371 insinuans
2398 1328 2544 1391 pro—

205 1426 352 1472 nam
399 1406 486 1472 ad
530 1406 705 1473 mala
750 1408 1039 1474 facinora
1089 1409 1580 1494 proclivitatem.

377 1510 579 1597 Cujus
626 1512 886 1597 quidem
948 1513 1223 1600 picturae
1270 1514 1664 1600 pytagoricae
1713 1513 1972 1580 Persius
2018 1536 2275 1604 quoque
2322 1519 2542 1584 memi-

198 1617 294 1682 nit
338 1617 406 1684 in
453 1622 678 1703 satyra
701 1618 749 1684 ⁴.

614 1764 685 1816 Et
721 1763 821 1816 tibi
858 1781 977 1832 qun
1018 1767 1225 1820 Samios
1262 1765 1464 1818 diducit
1503 1767 1679 1822 litters
1717 1782 1890 1820 ramos

610 1853 921 1920 Surgentem
961 1852 1147 1906 dextro
1182 1858 1496 1908 monstravit
1537 1855 1704 1906 limite
1737 1855 1922 1908 callem

372 1980 715 2048 Terentius
761 1983 921 2050 item
966 1983 1127 2051 Afer
2093 2041 2103 2050 .

369 2085 705 2170 [ngenium
776 2089 1059 2156 omnium
1126 2089 1458 2158 hominum
1519 2090 1804 2176 proclive
1870 2099 1974 2158 est
2035 2092 2123 2158 ad
2185 2092 2536 2174 libidinem,

200 2190 321 2256 hoc
369 2197 474 2258 est
516 2192 604 2259 ad
649 2194 815 2260 vicia
862 2195 1128 2263 scilicet.

376 2297 565 2377 Quod
634 2321 781 2366 cum
841 2302 937 2367 ita
997 2302 1100 2383 sit,
1162 2303 1285 2368 viri
1341 2301 1767 2383 celeberrimi,
1815 2304 2110 2388 paranda
2154 2312 2306 2372 sunt
2350 2305 2537 2372 nobis

196 2402 578 2488 adjumenta
622 2413 821 2491 atque
867 2407 1127 2488 auxilia,
1174 2429 1449 2494 quorum
1497 2429 1620 2493 ope
1665 2407 1834 2475 hanc
1879 2409 2210 2476 valeamus
2254 2411 2542 2478 arduita-

192 2515 325 2574 tem
356 2531 686 2594 superare.
740 2511 816 2577 Id
848 2534 999 2578 vero
1030 2535 1175 2580 cum
1206 2521 1518 2600 putarent
1545 2514 1635 2579 hii
1661 2513 2201 2580 baccalaureandi
2231 2513 2372 2582 fieri
2411 2538 2539 2582 non

195 2637 391 2699 posse
436 2617 561 2682 nisi
604 2637 724 2701 per
769 2617 1264 2704 philosophiam,
1310 2619 1396 2685 ad
1443 2641 1586 2684 eam
1618 2618 2115 2705 perdiscendam
2144 2620 2396 2686 caeteris
2443 2643 2539 2686 re-

188 2720 365 2788 lictis
413 2743 731 2788 summum
788 2724 1071 2790 studium
1134 2724 1498 2804 contulere,
1559 2732 1634 2790 ut
1691 2725 1758 2789 in
1803 2745 2030 2790 eorum
2075 2745 2346 2792 numero
2393 2745 2537 2810 pos-

194 2828 326 2893 sint
370 2826 561 2892 facile
608 2830 972 2913 computari
1002 2831 1115 2916 qui
1160 2838 1431 2916 propter
1462 2830 1746 2896 studium
1795 2830 2132 2914 sapientiae
2179 2830 2353 2915 quod
2397 2831 2538 2915 phi-

192 2931 556 3017 losophiam
604 2933 876 3002 dicimus
925 2939 992 3002 et
1036 2942 1345 3022 cognatos
1393 2941 1458 3002 et
1501 2936 1794 3003 concives
1827 2941 1895 3000 et
1923 2936 2384 3019 possessiones,
2431 2937 2539 3003 de-

192 3039 391 3124 nique
438 3047 747 3124 parentes
794 3047 862 3107 et
907 3043 1189 3126 patriam
1233 3043 1695 3127 relinquentes,
1743 3040 1999 3107 diversa
2047 3041 2397 3121 territoria,
2443 3041 2538 3107 di-

196 3166 422 3212 versos
465 3146 758 3232 populos,
810 3147 1068 3214 diversa
1124 3149 1335 3215 maria
1393 3148 1794 3232 peregrinati
1857 3154 2008 3213 sunt
2051 3168 2130 3214 ac
2176 3147 2538 3214 transivere

196 3251 403 3316 veluti
436 3251 771 3318 Platonem
812 3255 1140 3320 memoriae
1187 3253 1503 3320 traditum
1551 3259 1671 3332 est,
1719 3255 1830 3339 qui
1876 3262 1950 3320 ut
1996 3254 2211 3319 varios
2253 3253 2535 3332 audiret,

196 3357 417 3424 varias
487 3359 685 3424 etiam
748 3359 1047 3443 regiones
1111 3366 1178 3426 et
1238 3361 1515 3427 accessit
1579 3366 1648 3424 et
1691 3359 2062 3426 illustravit.
2152 3357 2420 3424 Audivit
2473 3359 2539 3423 in

198 3462 421 3530 Sicilia
451 3463 831 3550 Dyonisium
860 3467 1367 3549 grammaticum,
1407 3467 1598 3532 Samo
1630 3465 2038 3548 Pittagorum
2069 3463 2365 3547 logicum,
2411 3462 2540 3530 Ita-

196 3567 287 3635 lia
326 3570 777 3636 Parmenidem
826 3571 1241 3652 rhetoricum,
1286 3571 1558 3658 Cyrenis
1600 3569 2012 3636 Theodorum
2059 3569 2541 3653 geometricum,

198 3675 435 3760 Egipto
508 3676 883 3743 sacerdotes
901 3727 916 3756 ,
1001 3677 1361 3762 astrologos
1378 3726 1395 3757 ‚
1465 3696 1612 3742 cum
1661 3675 1942 3760 ‚pridem
2009 3676 2186 3740 intra
2259 3675 2542 3759 patriam

206 3781 501 3848 Athenas
548 3781 573 3820 ⁵
639 3790 707 3847 et
770 3783 1085 3849 Heracliti
1154 3783 1467 3869 phisicam
1534 3789 1601 3848 et
1649 3782 1934 3848 Socratis
1991 3780 2274 3847 ethicam
2329 3779 2542 3864 perdi-

204 3888 489 3966 dicisset,
544 3888 783 3953 iterum
845 3889 931 3954 ad
994 3888 1251 3956 Italiam
1314 3909 1615 3955 reversus
1679 3889 2049 3972 pitagoreos
2120 3885 2541 3953 Farantinum

202 4001 269 4059 et
312 3993 635 4058 seniorem
684 4000 753 4059 et
801 3995 1115 4061 Atthitam
1166 4001 1453 4061 sectatus
1503 4002 1621 4060 est.
1671 3992 1838 4073 Quid
1872 3992 2332 4077 Appollonium-
2374 4012 2547 4057 com-

201 4121 492 4165 memoro
542 4101 673 4165 sive
721 4100 901 4164 illum
972 4122 1271 4185 magnum
1332 4108 1405 4166 ut
1472 4099 1700 4184 vulgus
1747 4098 2037 4185 loquitur
2085 4098 2218 4163 sive
2264 4095 2544 4182 philoso-

1344 4237 1379 4276 *

350 4343 373 4388 1
415 4337 535 4402 Vgl.
578 4337 709 4387 Aen.
753 4339 836 4400 VI,
876 4354 921 4388 v.
977 4339 1069 4390 126
1112 4337 1194 4390 bis
1238 4341 1350 4390 129.
1424 4337 1516 4388 Ich
1556 4337 1692 4390 habe
1748 4334 1844 4389 den
1897 4343 2014 4388 text
2068 4335 2207 4387 nach
2258 4333 2350 4386 der
2397 4332 2548 4386 teub-

199 4425 478 4478 nerisehen
518 4426 773 4492 ausgabe,
812 4442 920 4478 von
944 4425 1152 4478 Ribbek
1189 4428 1458 4494 gegeben3
1505 4441 1664 4480 mser.
1696 4425 1788 4477 hat
1827 4426 1980 4491 cujus
2020 4426 2288 4476 discessus
2313 4423 2552 4476 Averini.

208 4518 235 4576 2
264 4514 441 4568 Meci-,z
484 4513 587 4568 hic.
704 4517 733 4574 3
762 4514 919 4572 Mser.
946 4521 1081 4580 tuus,
1197 4519 1227 4578 4
1256 4516 1356 4576 Dic
1383 4531 1535 4590 verse
1571 4513 1688 4572 roth
1716 4513 2120 4574 untetstricben.
2231 4515 2262 4567 5
2291 4513 2360 4567 so
2397 4525 2548 4565 mser.
