2950 5042
1220 403 1349 471 133

177 603 334 666 etiam
375 602 597 667 certior
640 598 783 667 fieri
828 602 1126 687 quisnam
1170 600 1281 669 ille
1329 602 1433 683 sit,
1483 602 1594 689 qui
1640 602 1886 686 primus
1937 606 2018 667 72
2063 600 2200 667 hoec
2241 601 2448 687 signa·

174 706 289 770 cula
335 705 662 772 adinvenit.
754 707 1035 773 Exaravi
1091 713 1311 773 autem
1368 728 1596 775 versus
1653 708 1948 793 psalterii
1993 707 2290 793 apicibus
2336 706 2450 773 he·

173 812 379 889 braiciS,
422 817 493 877 ut
537 812 963 891 characteres,
1012 833 1195 896 quos,
1243 813 1298 877 si
1328 813 1477 877 istic
1511 832 1730 879 coram
1762 832 1990 892 essem,
2039 811 2240 897 digito
2270 832 2450 878 mon-

172 924 446 981 straturus
493 938 657 996 eras,
702 917 958 982 absenti
1004 918 1235 983 saltem
1282 917 1546 983 rubrica
1592 917 1947 1001 consignes.
2037 916 2111 982 Iu
2157 916 2446 1001 margine

172 1021 398 1105 denique
444 1022 613 1086 circa
676 1023 957 1106 singulos
1002 1044 1225 1088 versus
1270 1022 1670 1107 signaculum
1725 1022 1938 1107 ipsum
1984 1042 2132 1089 cum
2192 1022 2449 1107 punctis

171 1127 271 1190 sive
310 1127 559 1193 vocibus
607 1126 975 1195 describere
1024 1148 1104 1192 ne
1150 1128 1500 1212 pigriteris.
1591 1128 1734 1193 Nou
1793 1126 2018 1193 addidi
2077 1148 2194 1213 ego
2241 1127 2448 1195 literis

169 1230 291 1295 meis
330 1252 526 1311 voces,
572 1239 715 1297 tum
761 1234 915 1319 quia
960 1233 1271 1315 temporis
1304 1232 1588 1298 brevitas
1619 1230 1974 1316 longiorem
2003 1233 2068 1297 in
2103 1232 2446 1299 scribendo

168 1356 244 1399 me
288 1357 412 1400 esse
466 1357 595 1401 non
659 1338 1060 1423 patiebatur,
1116 1344 1257 1402 tum
1316 1338 1469 1421 quia
1523 1357 1766 1423 aeque,
1827 1336 1962 1403 sive
2022 1340 2282 1422 punctis
2327 1358 2447 1405 seu

169 1440 379 1507 vocibus
408 1448 607 1526 atque
643 1443 839 1526 signis
863 1444 1310 1528 jungerentur,
1357 1440 1696 1507 hebraicas
1727 1440 1950 1507 literas
1983 1442 2198 1526 legere
2229 1442 2447 1509 calles.

305 1546 482 1611 Absit
514 1548 705 1625 enim,
752 1553 827 1612 ut
858 1567 1000 1611 eam
1048 1546 1128 1612 de
1179 1553 1243 1612 te
1277 1547 1554 1613 habeam
1585 1546 1955 1632 opinionem
1986 1567 2183 1632 quam
2212 1546 2452 1613 acerri-

171 1670 271 1716 mus
308 1652 409 1717 ille
457 1651 862 1719 Pfefferkorn
899 1652 939 1730 ¹,
988 1652 1171 1737 cujus
1219 1672 1335 1735 ego
1381 1652 1445 1716 in
1495 1657 1562 1717 te
1609 1652 1814 1716 virum
1860 1651 2268 1719 omnifariam
2299 1650 2450 1719 doc·

178 1754 431 1821 tissimum
455 1808 470 1835 ‚
568 1756 1019 1842 hebraicaeque
1101 1756 1333 1841 linguae
1432 1757 1952 1840 expertissimum
2015 1756 2370 1824 calumnias
2424 1758 2450 1799 ²

178 1860 357 1927 dolenti
398 1862 615 1929 animo
664 1862 807 1946 legi.
900 1862 1451 1928 circumferunter
1497 1861 1738 1945 ubique
1785 1862 1926 1947 ejus
1974 1862 2039 1927 in
2083 1869 2148 1929 te
2191 1864 2439 1947 scripta

170 1972 215 2029 et
246 1968 411 2035 multi
476 1968 703 2044 multa,
748 1968 1122 2052 loquuntur.
1217 1966 1389 2031 Nihil
1447 1972 1670 2031 autem
1735 1967 1994 2050 gravius
2055 1966 2195 2033 fero
2253 1990 2450 2054 quam

165 2078 211 2136 te
244 2096 351 2139 non
407 2095 603 2158 posse
669 2095 786 2159 pro
850 2073 1163 2157 dignitate
1214 2070 1585 2151 defensare,
1653 2092 1772 2137 nec
1833 2072 2236 2139 detractores
2299 2080 2448 2140 tuos

163 2186 423 2261 quantum
494 2180 689 2264 cupio
750 2184 1164 2262 repercutere
1234 2197 1443 2261 posse.
1552 2178 1765 2257 Quare
1828 2199 1907 2244 ex
1979 2198 2050 2242 re
2112 2182 2228 2243 tua
2303 2198 2448 2245 esse

161 2284 527 2363 crediderim,
596 2285 653 2349 si
708 2284 999 2349 libellum
1060 2304 1253 2367 quem
1300 2281 1385 2346 ad
1430 2281 1713 2348 nobilem
1773 2281 2121 2367 quemdam
2153 2282 2182 2323 ⁸
2235 2290 2304 2350 et
2357 2284 2453 2349 in-

156 2408 383 2470 genuum
442 2392 662 2456 virum
724 2388 1039 2473 scripsisti
1103 2388 1187 2453 ad
1243 2408 1345 2453 me
1403 2386 1678 2453 dederis
1776 2388 2049 2474 Insuper
2111 2395 2179 2455 et
2231 2389 2452 2473 apolo-

153 2495 383 2575 geticum
420 2497 451 2535 4
506 2496 571 2561 si
634 2515 826 2579 quem
872 2492 1151 2572 edidisti,
1200 2500 1275 2559 ut
1319 2493 1616 2573 habeam,
1663 2492 1840 2578 quod
1886 2493 2439 2563 obtrectatoribus

152 2598 247 2664 tuis
286 2600 732 2685 respondeam.
826 2598 926 2663 Ita
975 2600 1144 2664 enim
1190 2620 1291 2663 me
1342 2598 1518 2664 Deus
1565 2604 1764 2678 amet,
1815 2603 1888 2663 ut
1932 2602 2114 2663 tuam
2161 2597 2444 2678 laudem,

153 2709 297 2770 tuum
377 2707 697 2773 honorem
784 2705 1141 2789 praedicare
1226 2710 1293 2769 et
1364 2702 1760 2787 amplificare
1836 2702 2084 2769 stude0.
2195 2702 2448 2769 Nititur

152 2810 282 2874 enim
322 2812 731 2877 Pfefferkorn
788 2832 1018 2876 nomen
1078 2816 1260 2875 tuum
1308 2815 1375 2874 et
1431 2808 1692 2875 laudem
1737 2806 2079 2875 obfuscare
2127 2814 2195 2873 et
2242 2808 2449 2873 extin-

150 2934 323 2996 guere,
353 2918 467 2983 sed
488 2916 517 2956 ⁵
553 2967 567 2982 .
602 2967 615 2981 .
648 2968 663 2982 .
712 2917 780 2983 Si
812 2917 980 2982 enim
1014 2915 1255 2981 Phoebo
1296 2914 1517 2980 lumen
1549 2917 1616 2979 et
1647 2912 1951 2998 splendor
1981 2912 2179 2979 adimi
2209 2919 2449 2998 potest,

151 3025 200 3083 et
233 3022 341 3088 tibi
385 3024 650 3110 q'uoque
696 3022 919 3106 gloria,
968 3043 1164 3107 quam
1210 3028 1349 3086 tum
1397 3042 1476 3085 ex
1523 3020 1668 3085 aliis
1713 3019 2006 3103 plurimis
2065 3020 2198 3085 tuis
2259 3040 2449 3084 orua-

149 3124 369 3195 tissimis
416 3128 747 3213 operibus,
793 3133 933 3192 tum
979 3127 1081 3192 vel
1114 3128 1389 3190 maxime
1423 3148 1504 3191 ex
1535 3123 1917 3190 rudimentis
1949 3127 2078 3192 tuis
2122 3125 2448 3193 hebraicis

150 3241 492 3299 consecutus
562 3255 666 3312 es,
734 3232 996 3297 interire
1059 3232 1322 3315 poterit.
1431 3232 1528 3295 Ex
1603 3231 1736 3297 tuis
1799 3232 2092 3316 iuquam,
2175 3252 2304 3298 non
2371 3252 2454 3299 ex

151 3338 387 3420 cujusvis
434 3340 711 3405 alterius
746 3338 789 3418 ⁶,
836 3344 911 3403 ut
958 3336 1358 3402 Pfefferkorn
1407 3336 1712 3402 blaterat.
1804 3336 1929 3415 Qui
1977 3338 2147 3402 enim
2192 3359 2321 3403 non
2367 3338 2454 3405 sit

152 3445 267 3508 tuus
321 3446 492 3512 liber
558 3464 751 3529 quem
813 3449 997 3509 tanto
1044 3442 1291 3521 studi0‚
1351 3448 1451 3508 tot
1497 3441 1734 3525 vigiliis
1781 3447 1850 3507 et
1893 3442 2454 3512 lucubrationibus

154 3549 497 3617 confecisti?

292 3656 410 3721 Est
473 3676 629 3721 sane
687 3660 841 3721 tuus
900 3654 1066 3721 liber
1127 3674 1321 3738 quem
1383 3674 1614 3739 magno
1661 3653 1972 3739 temporis
2019 3652 2342 3738 stipendio
2389 3658 2458 3720 et

1198 3813 1202 3817 ⁴
1271 3827 1306 3865 se

265 3918 283 3962 1
328 3916 445 3981 vgl.
485 3916 614 3965 iiber
645 3916 985 3978 Pfefferkorn,
1026 3915 1117 3965 der
1155 3919 1206 3966 in
1236 3917 1326 3966 der
1353 3917 1792 3983 briefsammlung
1823 3918 1932 3981 jezt
1971 3932 2086 3967 zum
2115 3924 2289 3968 ersten
2316 3912 2456 3967 male

150 3996 402 4068 begegnet,
452 4006 623 4053 meina
678 4004 1086 4071 abhandlungen
1144 4008 1222 4054 in:
1269 4005 1519 4069 jfidische
1564 4006 1804 4056 zeitschr.
1857 4006 1941 4055 fiir
1987 4006 2128 4055 wiss.
2184 4020 2232 4055 u.
2289 4004 2460 4066 leben,

148 4083 215 4137 bd.
250 4092 358 4155 V113
394 4094 579 4143 archiv
616 4094 652 4142 f.
680 4092 994 4143 Frankfurts
1036 4093 1342 4159 geschichte
1380 4094 1486 4143 und
1513 4094 1672 4144 kunst
1707 4096 1869 4160 18693
1907 4092 2182 4156 Reuchlin‚
2225 4096 2273 4143 3.
2301 4091 2457 4143 buch.

151 4176 543 4231 2Pfefferkorns
594 4180 807 4233 schrift:
853 4182 1225 4248 handspiegel,
1284 4182 1546 4233 Reuchlin
1597 4196 1636 4232 s.
1681 4186 1781 4232 243
1839 4183 1893 4233 ff.
2039 4184 2088 4233 3.
2129 4182 2355 4231 Missiou
2391 4195 2461 4231 sn

150 4263 273 4313 einen
305 4269 591 4331 junkherru
632 4269 926 4319 Pforzheim
971 4274 1103 4319 1505
1144 4271 1277 4321 oben
1318 4288 1429 4321 nro.
1463 4271 1812 4323 Lxxxxm.
1959 4274 1992 4321 4
2029 4267 2464 4337 Apologeticum]

152 4348 224 4399 der
268 4352 630 4423 angenspiegel
682 4358 921 4408 erschien
988 4366 1094 4409 erst
1157 4360 1332 4425 einige
1390 4360 1607 4410 wochen
1662 4365 1842 4425 spltter
1893 4358 2248 4410 berbstmesse
2306 4362 2456 4411 1511.

152 4438 175 4482 5
211 4440 259 4489 ln
307 4443 389 4494 der
436 4446 642 4495 hdschr.
696 4446 829 4511 folgt
874 4446 967 4498 das
1020 4446 1510 4499 unverstandliche:
1560 4446 1654 4499 sed
1704 4448 1830 4502 litus
1883 4455 2012 4503 arat.
2157 4449 2189 4503 6
2229 4447 2282 4501 S.
2331 4448 2461 4502 iiber

154 4522 304 4585 diesen
342 4536 587 4598 vorwurt':
629 4534 883 4597 Rcucblin
924 4554 966 4585 s.
1008 4540 1109 4599 244
1151 4521 1339 4597 u.⁸252
1384 4537 1454 4606 fg.
