2950 5042
1588 360 1721 428 202

483 548 642 615 mihi
699 546 932 615 fuisset
993 570 1034 615 a
1089 549 1470 635 Stutgardia
1531 550 1931 635 Moguntiam
1996 552 2211 638 spatio
2278 558 2360 620 22
2436 553 2766 621 milliarium

485 654 1036 721 alema‘nnicorum
1057 704 1073 737 ,
1139 678 1284 741 quse
1350 656 1601 723 faciunt
1661 656 1808 741 plus
1875 678 2071 743 quam
2140 664 2396 727 centum
2454 666 2518 726 et
2559 660 2765 741 decem,

481 759 703 827 leucas
748 760 1051 845 legales·1
1089 760 1288 846 idque
1334 762 1402 827 in
1433 762 1664 829 diebus
1696 768 1978 847 quatuor
2008 786 2155 831 cum
2186 765 2469 846 dimidio,
2512 766 2573 831 in
2602 787 2768 831 causa

483 872 788 951 tangente
855 887 994 932 rem
1058 868 1338 933 maxime
1405 866 1697 948 arduam,
1764 869 2011 935 scilicet
2055 870 2323 951 famam,
2393 871 2680 937 honorem
2719 876 2769 936 et

483 973 715 1057 capitis
789 972 1293 1039 diminutionem.
1387 974 1538 1039 Misi
1582 981 2073 1059 procuratorem
2109 977 2133 1015 2
2180 998 2326 1042 cum
2370 977 2677 1057 mandato,
2714 983 2773 1042 ut

483 1079 802 1147 Jacobum
846 1078 1029 1145 illum
1063 1078 1568 1148 Praedicatorem
1616 1101 1757 1145 cum
1808 1082 1943 1147 suis
1988 1081 2427 1167 complicibus,
2474 1088 2610 1147 erat
2643 1082 2773 1148 enim

483 1199 750 1251 suorum
796 1184 1298 1251 fraterculorum
1345 1190 1608 1251 caterva
1656 1186 1967 1271 stipatus,
2014 1187 2304 1272 judicem
2363 1193 2681 1255 recusaret
2716 1193 2774 1252 ut

481 1290 812 1357 inimicum
873 1289 1034 1355 mihi
1093 1296 1294 1375 atque
1353 1290 1593 1357 libellis
1656 1290 1816 1357 meis
1864 1314 2057 1377 quam
2104 1294 2381 1359 maxime
2430 1298 2773 1378 suspectum.

483 1396 668 1475 Quod
714 1395 1030 1463 docebam
1075 1416 1194 1480 per
1241 1396 1481 1463 multos
1524 1396 1835 1463 articulos
1868 1396 1894 1435 ³
1941 1398 2009 1463 in
2056 1399 2317 1484 scriptis
2364 1399 2671 1465 exhibitos
2707 1398 2773 1463 ad

485 1524 760 1588 quorum
823 1501 1165 1575 veritatem
1221 1500 1628 1585 probandam
1672 1502 1739 1567 in
1786 1502 2141 1570 continenti
2185 1526 2289 1570 me
2338 1504 2545 1571 obtuli
2588 1480 2770 1570 coram

483 1607 750 1675 arbitris
787 1606 956 1693 juris
1003 1607 1547 1692 compariturum,
1612 1613 1678 1672 et
1736 1610 2054 1675 nominavi
2114 1632 2233 1695 pro
2290 1631 2443 1675 mea
2494 1614 2669 1695 parte
2706 1610 2774 1675 vi-

483 1713 722 1780 carium
783 1712 1072 1798 episcopi
1117 1713 1617 1781 wormaciensis
1664 1711 1710 1795 4,
1775 1720 2033 1800 petent,
2084 1722 2152 1783 et
2194 1715 2334 1801 ipse
2382 1738 2569 1783 suum
2608 1714 2773 1780 nomi-

481 1825 673 1886 naret
717 1820 1035 1887 arbitrum
1060 1868 1076 1900 ,
1141 1840 1361 1885 coram
1423 1818 1659 1905 quibus
1730 1842 1810 1887 ea
1874 1822 2153 1906 suspicio
2221 1821 2510 1906 legitime
2570 1820 2774 1885 veniret

483 1924 844 2012 probanda,
890 1929 1090 2011 prout
1137 1924 1216 1990 de
1255 1925 1422 2009 jure.

663 2032 750 2097 At
793 2031 999 2097 frater
1044 2030 1330 2097 Jacobus
1394 2030 1706 2098 refutavit
1750 2054 1829 2097 ac
1875 2033 2086 2097 renuit
2140 2031 2239 2097 ire
2294 2032 2401 2097 via
2449 2032 2641 2117 juris,
2692 2026 2769 2095 sed

491 2142 566 2203 ut
629 2136 770 2221 ipse
838 2158 986 2203 cum
1053 2137 1188 2203 suis
1253 2137 1725 2204 contribulibus
1771 2138 2115 2204 adversum
2160 2159 2264 2203 me
2311 2138 2625 2203 hactenus
2664 2156 2773 2201 con-

485 2242 712 2323 suevit,
759 2242 1064 2309 violentia
1110 2243 1268 2309 facti
1315 2242 1512 2327 elegit
1558 2249 1626 2309 et
1671 2244 2145 2310 recusationem
2204 2243 2558 2311 admittere
2597 2240 2775 2308 noluit.

487 2351 546 2415 A
611 2362 740 2435 quo
801 2350 1173 2433 gravamine
1244 2371 1425 2416 meus
1493 2356 1881 2435 procurator
1950 2348 2305 2433 appellavit
2358 2347 2385 2387 ⁵
2455 2349 2541 2415 ad
2598 2347 2777 2415 sedem

492 2454 952 2541 Apostolicam‚
999 2456 1102 2521 cui
1148 2456 1495 2541 Apostolos
1526 2454 1947 2521 refutatorios
1976 2454 2085 2520 ille
2118 2452 2316 2519 dedit.
2392 2454 2482 2520 Et
2512 2455 2601 2521 sic
2628 2451 2781 2517 finita

493 2567 597 2627 est
640 2560 778 2627 haec
823 2560 1154 2629 instantia.
1243 2562 1484 2628 Postea
1530 2582 1680 2627 vero
1740 2582 1845 2627 me
1902 2560 2230 2627 nesciente
2285 2559 2499 2626 frater
2540 2557 2783 2626 Jacobus

485 2667 703 2735 factus
751 2673 853 2735 est
895 2678 1070 2751 pars',
1117 2667 1228 2753 qui
1273 2668 1454 2753 prius
1501 2666 1703 2734 voluit
1734 2688 1875 2733 esse
1899 2666 2134 2751 judeis,
2182 2672 2251 2731 et
2294 2687 2337 2731 a
2382 2665 2637 2733 domino
2680 2662 2786 2727 Μο-

491 2774 760 2859 guntino
822 2780 1136 2859 tanquam
1182 2773 1510 2840 ordinario
1555 2772 1682 2839 loci
1728 2772 1927 2839 etiam
1973 2770 2365 2837 adminiculo
2412 2766 2780 2857 imperialis⁶

478 2880 775 2946 mandati
832 2878 1199 2964 surreptitii
1259 2885 1326 2945 et
1380 2879 1714 2964 obreptitii
1760 2878 2093 2962 delegatos
2144 2877 2463 2963 quosdam
2509 2879 2781 2962 impetra·
2891 2940 2892 2943 ,

482 2985 576 3051 vit
620 2986 1098 3052 commissarios
1146 3006 1370 3052 omnes
1417 2986 1794 3052 Thomistas
1856 2991 1923 3050 et
1968 2983 2127 3049 mihi
2176 3005 2370 3069 quam
2420 2977 2791 3067 suspectissi-

483 3112 641 3170 moS,
699 3090 822 3158 sibi
875 3096 1096 3157 autem
1143 3092 1587 3173 amicissimos,
1647 3091 1885 3177 quibus
1948 3110 2129 3157 suam
2192 3096 2583 3175 praetensam
2631 3085 2792 3174 juris-

485 3196 834 3275 dictionem
881 3196 1344 3281 subdelegavit.

667 3301 956 3387 Cumque
993 3303 1130 3387 jam
1175 3302 1417 3369 vellent
1445 3302 1731 3369 alterum
1763 3322 2157 3388 processum,
2203 3301 2334 3367 imo
2366 3300 2567 3368 alium
2597 3302 2791 3365 contra

485 3406 742 3475 libellos
787 3428 966 3475 meos
1011 3408 1396 3491 instituere,
1451 3410 1759 3475 timentes
1819 3430 1899 3474 ne
1945 3407 2117 3474 forte
2163 3408 2228 3471 in
2274 3428 2424 3473 mea
2482 3402 2793 3493 praesentia

491 3536 528 3581 e
563 3515 712 3601 jure
757 3514 918 3580 nihil
963 3536 1156 3599 agere
1205 3520 1491 3599 possent,
1538 3514 1887 3581 affixerunt
1931 3513 2193 3579 circiter
2244 3518 2303 3578 6.
2334 3512 2479 3579 Kal.
2512 3508 2791 3578 Octobres
2891 3502 2892 3521 ¹

481 3641 674 3686 mane
739 3620 825 3687 ad
895 3620 1120 3687 valvas
1186 3620 1481 3687 ecclesiae
1544 3621 1809 3705 majoris
1871 3619 2222 3702 Moguntise
2290 3617 2435 3684 loco
2500 3612 2791 3684 citationis

485 3725 814 3812 quoddam
861 3726 1164 3809 generale
1211 3726 1517 3807 edictum,
1563 3748 1691 3791 non
1736 3727 1985 3792 inserta
2031 3724 2167 3790 ulla
2198 3723 2659 3803 commissione,
2701 3736 2793 3784 nec
2891 3738 2892 3747 ¹

485 3831 618 3898 ullo
689 3854 998 3918 expresso
1063 3833 1318 3899 nomine
1385 3832 1828 3912 citandorum,
1893 3830 1961 3895 in
2030 3829 2195 3895 hanc
2242 3829 2657 3895 sententiam:
2706 3826 2795 3905 „ut
2891 3868 2892 3883 l

489 3938 783 4025 quisquis
837 3958 958 4005 sua
1017 3944 1286 4023 putaret
1341 3939 1689 4020 interesse,
1756 3943 2165 4022 compareret
2210 3935 2375 4003 hora
2419 3936 2617 4003 tertia
2656 3932 2797 4017 ejus·

1629 4071 1667 4107 ἢ(-

630 4154 652 4201 1
697 4149 922 4201 Centum
961 4153 1014 4203 et
1047 4148 1246 4218 decem]
1287 4165 1446 4217 prope
1484 4150 1783 4217 nonaginta
1806 4164 1974 4217 sagen
2013 4147 2099 4199 die
2122 4154 2241 4200 aeta
2276 4166 2325 4201 a.
2364 4164 2399 4199 a
2434 4148 2497 4201 Ο.
2578 4160 2591 4181 ·
2635 4148 2661 4195 2
2690 4143 2794 4193 Pro·
2891 4136 2892 4143 ’

480 4238 668 4307 curat]
705 4239 895 4289 Petrus
936 4237 1120 4289 Staffel
1158 4238 1223 4288 de
1259 4239 1569 4305 Niirtingen,
1610 4241 1708 4289 wie
1746 4254 1845 4289 aus
1884 4238 1986 4288 den
2024 4245 2145 4288 acta
2182 4254 2247 4287 zu
2285 4236 2518 4289 ersehen.
2656 4236 2683 4282 3
2716 4230 2792 4278 Ar·
2891 4226 2892 4239 ¹

480 4326 694 4395 ticulos]
732 4344 776 4379 s.
815 4332 934 4379 acta
972 4326 1082 4378 iud.
1123 4326 1195 4377 Bb
1231 4328 1274 4378 B
1311 4327 1395 4378 iia.
1542 4330 1575 4377 4
1613 4326 1898 4394 vicarium]
1937 4326 2213 4377 Johannes
2241 4326 2469 4377 Wacker
2502 4340 2544 4375 s.
2584 4340 2627 4374 o.
2667 4317 2791 4370 1499.
2891 4346 2892 4355 κ

461 4418 521 4469 -5
554 4417 692 4467 Acta
728 4414 889 4467 indic.
926 4416 969 4466 B
1006 4416 1076 4466 iib
1121 4416 1196 4481 fg.
1342 4418 1372 4465 6
1408 4417 1539 4482 Imp.
1590 4414 1789 4481 mand]
1837 4416 1939 4465 Ein
1990 4415 2229 4477 solehes,
2286 4430 2374 4464 um
2424 4414 2562 4466 disse
2607 4409 2700 4461 seit
2730 4419 2791 4454 er·
2891 4458 2892 4465 χ

483 4503 796 4560 schienenes
841 4504 915 4560 ‘ist
961 4502 1114 4561 nicht
1161 4502 1416 4563 erhalten.
1490 4504 1616 4575 Vgl.
1662 4504 1793 4563 fiber
1838 4504 1925 4562 die
1974 4503 2265 4579 erzahlung
2310 4501 2562 4561 Reuchlin
2610 4514 2648 4551 s·
2690 4494 2788 4557 292·
2891 4526 2892 4533 κ
