2950 5042
1483 402 1614 468 334

558 592 643 658 At
688 613 839 660 vero
886 591 1001 660 ubi
1044 597 1264 659 essent
1308 591 1755 676 Tubingenses
1813 590 2017 656 nostri
2076 589 2449 675 politiorum
2496 591 2723 657 litera-

378 719 521 764 rum
571 699 819 765 strenui
864 698 1121 778 milites,
1182 698 1530 766 adventum
1599 716 1812 764 meum
1877 695 2275 776 subodorati,
2346 697 2529 784 misit
2573 717 2726 762 aca-

379 803 593 869 demia
622 809 767 870 tota
796 825 949 872 suos
982 804 1069 870 ad
1100 824 1203 870 me
1236 802 1506 888 legatos,
1547 810 1724 870 certe
1776 802 1945 867 viros
1991 806 2060 868 et
2105 809 2371 868 numero
2405 808 2473 868 et
2519 801 2728 887 digni-

377 915 517 974 tate
562 909 971 993 spectabiles,
1033 915 1229 993 atque
1276 929 1530 976 summo
1596 909 1663 975 in
1711 914 1890 976 statu
1937 906 2264 987 sublimes,
2311 908 2424 992 qui
2469 907 2729 973 univer-

380 1012 595 1079 sitatis
656 1035 905 1081 mecum
962 1015 1217 1080 nomine
1278 1021 1548 1098 agerent
1604 1019 1998 1098 orarentque
2058 1021 2151 1093 ut,
2204 1013 2380 1098 quod
2427 1014 2492 1079 in
2543 1014 2728 1097 Bojis

378 1118 685 1186 hebraice
730 1141 1065 1206 graeceque
1112 1141 1319 1204 nuper
1365 1121 1723 1204 coepissem,
1771 1119 1840 1185 id
1888 1119 2192 1202 deinceps
2237 1119 2410 1184 inter
2455 1119 2726 1198 Suevos,

384 1245 561 1290 meos
608 1226 856 1292 sciiicet
886 1232 1366 1304 conterraneos,
1408 1224 1806 1310 perficerem,
1839 1225 2180 1309 proposita
2219 1224 2411 1289 simul
2441 1223 2524 1290 de
2553 1223 2722 1308 pub-

381 1329 507 1395 lico
554 1331 784 1396 aerario
832 1332 999 1416 stipe
1055 1329 1407 1398 honorifica
1452 1331 1606 1396 mihi
1658 1330 2005 1415 quotannis
2047 1315 2421 1414 praestanda
2458 1331 2498 1394 ¹.
2550 1330 2728 1408 Quo-

380 1457 521 1501 rum
572 1459 883 1517 sermone,
931 1443 1007 1502 ut
1052 1438 1163 1521 qui
1207 1444 1386 1502 esset
1429 1458 1470 1501 a
1518 1434 1948 1520 prudentibus
2003 1435 2368 1502 hominibus
2433 1440 2726 1516 exortae,

379 1541 569 1606 facile
618 1540 1089 1629 commonebar,
1148 1542 1304 1626 quid
1362 1542 1645 1627 majores
1709 1539 1788 1606 de
1853 1541 2072 1625 patria
2115 1542 2345 1626 cuique
2393 1562 2511 1607 sua
2555 1562 2729 1626 prae—

382 1649 673 1733 ceperint
718 1648 1256 1714 animadvertere.
1326 1647 1876 1713 Benefaciundum
1925 1646 2227 1713 videlicet
2269 1648 2518 1732 patriae,
2563 1669 2731 1732 pug-

381 1753 666 1818 nandum
712 1774 830 1837 pro
876 1753 1110 1837 patria,
1158 1760 1225 1820 et
1272 1754 1535 1820 senibus
1581 1752 1766 1820 nobis
1800 1753 2197 1820 moriendum
2247 1754 2313 1819 in
2359 1754 2594 1838 patria,
2647 1759 2728 1818 ut

382 1857 555 1924 unde
616 1860 814 1925 vitam
872 1857 1174 1926 eduxeris
1232 1858 1385 1926 illuc
1456 1857 1689 1924 saltem
1753 1879 1986 1944 corpus
2041 1880 2335 1944 reponas.
2429 1859 2732 1926 Honesta

382 1964 519 2029 haec
566 1966 736 2030 ratio
782 1965 1141 2049 putabatur
1200 1965 1448 2032 consilii
1497 1963 1811 2044 mutandi,
1871 1962 2046 2048 quod
2090 1965 2308 2049 potius
2355 1964 2718 2031 fomentum

382 2069 667 2150 desidiae,
739 2091 934 2155 quam
1000 2069 1339 2136 literarum
1402 2070 1604 2136 otium
1655 2069 1900 2135 nutrire
1949 2069 2270 2136 dicebant.
2364 2070 2532 2149 Quid
2581 2078 2726 2137 tum

385 2175 477 2240 eis
524 2175 853 2241 facerem?
896 2174 1141 2260 placuit
1184 2177 1489 2262 utrinque
1537 2174 1842 2241 conditio.

561 2281 798 2346 Locavi
858 2281 1369 2366 Tubingensibus
1433 2303 1788 2365 graecarum
1850 2287 1916 2346 et
1977 2281 2431 2348 hebraicarum
2498 2280 2720 2348 litera-

384 2407 527 2452 rum
574 2407 809 2471 operas
856 2392 924 2452 et
982 2387 1103 2452 hoc
1160 2386 1459 2453 semestri
1519 2395 1659 2454 toto
1716 2387 1994 2470 puerilia
2054 2388 2319 2472 imparis
2367 2388 2728 2473 disciplinas

386 2492 602 2560 studia
656 2493 896 2559 nostris
953 2492 1362 2559 auditoribus
1428 2493 1714 2578 exposui,
1771 2493 2298 2578 diversarumque
2360 2493 2727 2576 linguarum

386 2604 453 2664 et
498 2599 840 2691 commoda·
901 2606 967 2666 et
1030 2597 1216 2664 firma
1274 2598 1404 2682 jeci
1452 2599 1890 2677 fundamenta,
1949 2599 2183 2686 cuique
2239 2598 2540 2664 facultati
2585 2619 2727 2664 sua.

385 2704 721 2770 Professus
770 2705 936 2770 enim
970 2704 1292 2789 frequenti
1340 2726 1480 2770 sum
1514 2705 1834 2771 auditoris
1878 2704 1945 2768 in
1993 2703 2311 2770 cathedra
2357 2702 2722 2785 doctorum,

386 2815 452 2874 et
517 2808 597 2875 de
660 2811 929 2895 pulpito,
996 2811 1435 2877 doctissimum
1489 2809 1909 2877 Hebraeorum
1976 2811 2487 2894 grammaticum,
2561 2809 2731 2875 Rabi

386 2915 612 2982 Mosen
646 2916 860 2982 Kimhi
894 2917 935 2996 Β,
985 2917 1155 3002 quod
1205 2917 1518 2996 volumen,
1569 2937 1937 3002 quanquam
1985 2936 2026 2981 a
2065 2915 2286 2982 multis
2328 2916 2544 2982 fuerat
2589 2923 2730 2982 tam

385 3021 629 3088 Judaeis
676 3043 867 3107 quam
917 3022 1165 3088 Latinis
1223 3029 1375 3088 ante
1432 3023 1658 3102 visum,
1713 3029 1933 3088 tamen
1992 3043 2136 3087 cum
2199 3022 2264 3085 in
2312 3041 2522 3087 meam
2570 3021 2732 3088 inci·

384 3125 481 3192 dit
528 3127 1026 3212 praelectionem,
1086 3134 1186 3193 tot
1242 3127 1541 3193 scatebat
1585 3127 1854 3206 mendis,
1913 3134 1986 3193 ut
2045 3129 2110 3193 in
2159 3127 2538 3212 castigando
2597 3126 2730 3192 dis-

384 3232 578 3317 cipuli
626 3232 773 3318 plus
820 3234 1131 3317 temporis
1178 3232 1517 3299 dimidium
1561 3233 1835 3317 perdere
1885 3239 2286 3317 cogerentur.
2387 3231 2562 3298 Nihil
2611 3233 2732 3300 ab·

386 3339 593 3404 simile
641 3339 827 3406 nobis
873 3345 1025 3405 tunc
1073 3339 1151 3404 de
1200 3338 1590 3424 Chrysolora
1636 3338 1965 3422 contingit,
2027 3346 2185 3423 apto
2217 3360 2424 3422 graece
2471 3339 2733 3404 init-ian·

386 3445 485 3510 dis
518 3444 977 3524 Grammatico,
1027 3445 1208 3530 cujus
1256 3444 1625 3529 scriptionis
1673 3450 1894 3510 errata
1939 3465 2064 3509 non
2111 3465 2311 3528 parvo
2360 3442 2584 3509 labore
2633 3444 2732 3509 in-

386 3559 489 3617 ter
526 3549 894 3637 'docendum
942 3551 1419 3636 castigavimus,
1468 3572 1548 3615 ne
1612 3549 1907 3615 indoctos
1953 3546 2324 3614 abortarem
2372 3547 2557 3614 filios.
2604 3549 2732 3615 Re-

387 3662 563 3722 stare
611 3678 779 3722 nunc
827 3655 1093 3737 videter,
1156 3663 1230 3723 ut
1288 3663 1439 3740 post
1494 3661 1794 3722 navatam
1863 3653 2302 3720 elementariis
2367 3653 2732 3739 disciplinis

388 3783 654 3846 operam
701 3763 765 3828 in
810 3769 1090 3848 utraque
1124 3763 1341 3847 lingua
1375 3768 1441 3827 et
1487 3760 1798 3826 hebraica
1829 3767 1896 3825 et
1927 3781 2154 3844 graeca,
2189 3759 2499 3826 solidiore
2545 3759 2732 3826 audi-

387 3875 565 3935 tores
609 3888 788 3936 meos
833 3889 1095 3954 pascam
1144 3869 1306 3934 cibo.
1398 3869 1485 3932 Et
1531 3889 1676 3932 cum
1737 3866 1866 3931 sint
1911 3865 2267 3950 primarum
2317 3870 2587 3932 aetatum
2634 3867 2733 3931 in·

386 3975 591 4058 geniis
637 3981 835 4060 atque
884 3975 987 4061 (ut
1032 3974 1236 4040 libere
1283 3974 1540 4058 loquar)
1599 3972 1895 4038 omnibus
1953 3971 2430 4056 incipientibus,
2478 3974 2734 4057 optima

388 4085 455 4145 et
500 4101 720 4148 eorum
771 4080 1031 4166 quidem
1080 4078 1537 4146 candidissima
1585 4098 1854 4163 quaeque
1903 4076 2359 4160 proponenda,
2408 4099 2552 4162 quae
2596 4100 2732 4144 non

386 4185 697 4270 prodesse
744 4192 1020 4268 tantum,
1068 4185 1185 4252 sed
1232 4185 1426 4252 etiam
1475 4183 1685 4250 amari
1721 4182 1990 4268 possint,
2032 4181 2392 4274 profitebor
2421 4183 2734 4269 deinceps

1541 4330 1576 4369 *Β

535 4427 557 4472 1
595 4405 745 4474 fiber
790 4419 1076 4474 Reuchlins
1126 4420 1423 4476 autenthalt
1469 4421 1577 4474 und
1612 4421 1838 4474 lehramt
1873 4420 1928 4472 in
1965 4418 2247 4488 'l'iibingen
2291 4435 2336 4472 s.
2364 4418 2644 4485 Renehlin,
2685 4437 2733 4473 ι.

388 4511 492 4560 470
529 4508 599 4580 fg.
745 4513 774 4564 2
816 4507 1027 4560 Kimehi
1072 4514 1116 4562 1.
