2950 5042
1295 373 1371 444 17

181 563 671 632 Praedicatorum
725 564 1175 630 Basiliensium
1235 563 1558 648 quendam
1607 563 2039 630 minutissimo
2104 565 2254 632 stilo
2312 587 2499 651 repo-

179 671 355 736 situm
386 671 676 739 libellum
705 672 726 710 ¹
755 671 853 737 ita
895 677 971 736 ut
999 669 1276 736 fertilior
1306 669 1392 736 sit
1423 674 1489 734 et
1518 669 1795 736 maxime
1834 668 2174 754 portabilis
2205 691 2333 755 quo
2366 671 2497 738 010-

178 782 388 858 ganter
445 797 610 860 quas
675 774 968 860 Apostoli
1027 795 1269 860 graecas
1316 773 1847 858 conscripserunt
1906 774 2215 859 epistolas
2260 776 2501 842 insunt.

95 863 100 871 ¹
177 887 234 944 et
275 882 421 964 quia
465 889 604 946 tam
649 903 888 965 parvus
933 887 1066 946 tam
1113 880 1319 946 multa
1365 881 1653 946 continet
1696 878 1783 946 ad
1830 900 1979 944 eum
2027 885 2127 945 est
2173 880 2331 945 mihi
2360 882 2500 946 ani-

175 1007 300 1050 mus
358 994 606 1068 praeter
667 987 951 1071 reliquos
1001 987 1293 1070 apprime
1351 985 1715 1050 vehemens.
1805 983 1973 1050 Nam
2020 986 2143 1051 etsi
2188 993 2427 1052 caetera
2474 985 2501 1026 ³

177 1090 446 1172 ejusdem
479 1093 774 1157 materiae
805 1093 955 1156 istic
1003 1091 1220 1156 adsint
1267 1090 1593 1157 volumina
1638 1110 1782 1174 quse
1826 1089 1997 1154 idem
2038 1091 2250 1174 ipsum
2280 1090 2502 1156 melio-

177 1195 342 1260 ribus
388 1195 634 1262 litteris
683 1203 752 1262 et
781 1197 986 1262 isdem
1019 1197 1244 1280 graecis
1291 1195 1809 1278 complectantur
1840 1216 1984 1280 quse
2014 1195 2309 1280 profecto
2349 1201 2502 1261 sunt

174 1321 286 1364 non
330 1300 474 1365 dico
523 1301 728 1384 dupla
761 1302 876 1366 sed
922 1302 1222 1386 plurima,
1271 1307 1493 1366 tamen
1540 1299 1713 1384 quod
1757 1301 1881 1366 iste
1928 1321 2111 1367 meus
2158 1301 2252 1366 ita
2296 1301 2501 1386 graci-

173 1403 241 1468 lis
286 1411 349 1470 et
393 1408 488 1470 ita
536 1406 858 1472 manualis
900 1414 1118 1490 paret,
1168 1413 1240 1471 ut
1287 1427 1356 1472 se
1401 1426 1531 1470 non
1573 1406 1813 1490 injuria
1844 1405 2261 1472 Euchiridiou
2302 1407 2501 1472 nomi-

173 1531 372 1590 nares,
433 1512 676 1578 iccirco
722 1512 846 1576 nisi
893 1533 1042 1576 eum
1087 1511 1376 1577 habuero
1428 1510 1631 1575 vitam
1687 1509 1914 1574 efflabo
1964 1531 2167 1594 quam
2226 1517 2298 1576 tu
2344 1513 2502 1576 mihi

174 1615 349 1678 etiam
397 1623 663 1682 mortuo
711 1616 904 1682 facile
951 1616 1226 1681 reddere
1271 1615 1485 1701 possis
1531 1615 1683 1680 dum
1730 1614 1891 1680 illud
1939 1615 2111 1700 quod
2144 1625 2327 1681 tuum
2373 1637 2502 1680 non

174 1726 258 1783 est
284 1727 540 1786 tantum
577 1723 965 1801 consentiae,
1012 1729 1086 1786 ut
1117 1721 1286 1786 bona
1317 1721 1473 1784 mihi
1507 1719 1872 1786 conditione
1911 1726 2277 1804 praestetur.
2326 1721 2503 1785 Nihil

174 1823 405 1890 difficile
455 1825 582 1890 abs
623 1809 698 1891 'te
747 1832 900 1909 peto
946 1847 1064 1890 nec
1112 1825 1286 1910 quod
1331 1825 1567 1891 damno
1626 1825 1819 1892 cedat
1879 1846 1997 1890 nec
2054 1825 2229 1910 quod
2275 1831 2502 1891 contra

165 1931 257 2012 jus
299 1931 526 2016 fasque
564 1933 670 1996 sit.
753 1931 827 1995 Id
861 1932 1026 1996 enim
1059 1953 1255 1996 unum
1287 1937 1441 2015 peto
1471 1953 1597 2014 pro
1631 1929 1753 1994 hoc
1785 1929 1921 1996 solo
1960 1935 2250 2014 tempore
2284 1929 2501 1996 finem-

173 2057 280 2118 que
311 2036 589 2118 posthac
636 2035 902 2118 petendi
947 2042 1336 2120 praesentem
1382 2035 1553 2100 hunc
1600 2042 1818 2101 statuo
1865 2057 1945 2102 00
1995 2035 2115 2101 tibi
2159 2036 2333 2120 pluri
2369 2058 2497 2101 mo-

170 2139 354 2206 lestiae
385 2141 657 2206 futurus
695 2142 814 2206 sim
862 2148 930 2206 et
972 2141 1149 2206 haud
1197 2140 1423 2206 dubito
1471 2141 1627 2224 quin
1674 2163 1775 2206 me
1824 2141 2149 2221 exaudies,
2200 2142 2501 2207 videlicet

169 2251 232 2308 ut
272 2245 826 2312 P1·aedicatoribu·s
857 2248 1234 2312 assentiaris
1282 2245 1542 2311 easdem
1600 2231 1907 2330 epistolas
1969 2247 2313 2312 canonicas
2358 2268 2500 2312 rem

1316 2380 1352 2420 ιιι

301 2464 317 2506 l
365 2459 476 2519 Dos.
527 2457 721 2518 codex,
773 2474 859 2506 um
904 2457 1001 2506 den
1051 2473 1108 2506 es
1153 2457 1268 2506 sich
1316 2458 1370 2506 10
1420 2457 1537 2506 dem
1589 2457 1754 2506 briefe
1794 2457 2034 2520 1111οᾶ011,
2086 2457 2155 2506 ist
2193 2456 2277 2507 dic
2315 2458 2367 2506 10
2412 2457 2501 2506 der

172 2547 494 2596 texteskritik
542 2545 633 2594 des
671 2561 720 2594 0.
761 2552 794 2593 1.
835 2553 983 2593 00101·
1021 2545 1138 2594 dem
1173 2561 1358 2618 namen
1403 2544 1571 2594 codex
1611 2545 1975 2612 13001110ηείογ
2001 2545 2127 2594 oder
2158 2545 2270 2595 cod.
2299 2545 2501 2594 Reueh-

171 2631 248 2680 110.
298 2631 950 2683 bekannte'handschrift
995 2634 1086 2682 der
1133 2633 1314 2683 Basler
1358 2632 1671 2683 bibliothck.
1746 2635 1831 2683 510
1881 2640 2095 2683 stammt
2147 2649 2243 2683 aus
2298 2633 2414 2682 dem
2454 2633 2500 2683 X

166 2719 319 2781 jahrb.
365 2723 474 2772 und
531 2721 736 2770 euthalt
780 2722 875 2770 auf
915 2724 1014 2770 303
1056 2721 1591 2786 pergamentblattcrn
1632 2722 1683 2770 in
1723 2729 1879 2772 octav
1918 2721 2011 2771 das
2046 2737 2183 2771 neue
2222 2728 2504 2772 testament

173 2809 254 2856 1011
291 2811 588 2860 ausnabme
637 2808 731 2858 der
773 2809 1106 2874 apocalypse.
1185 2811 1382 2858 Hinten
1428 2809 1535 2858 und
1570 2826 1701 2860 vom
1748 2810 1867 2860 sind
1904 2811 2041 2860 noch
2081 2811 2253 2876 einige
2293 2813 2503 2860 weitere

175 2895 369 2961 blatter,
431 2901 536 2948 0111.
581 2899 808 2946 stiicken
862 2897 1271 2946 verschiedenen
1326 2897 1555 2948 inhaltes
1607 2896 1977 2962 boschi-ichen,
2032 2897 2321 2964 beigesiigt.
2398 2900 2509 2948 Auf

176 2982 258 3031 den
308 3002 437 3035 voi-u
491 2985 836 3050 eingefiigten
884 2985 1170 3035 besonders
1217 2986 1449 3036 foliirten
1500 2991 1532 3034 4
1572 2986 1796 3038 bliittern
1845 2985 1963 3037 sind
2009 2993 2161 3038 unter
2206 2987 2297 3036 der
2348 2988 2502 3037 iiber-

175 3073 340 3122 schrift
387 3077 511 3124 Hoc
562 3073 714 3131 modo
761 3088 900 3122 nunc
950 3072 1196 3123 adoratur
1234 3073 1379 3124 Deus
1419 3074 1489 3124 bl.
1537 3075 1591 3123 lb
1626 3075 1708 3124 bis
1748 3077 1809 3124 Ab
1848 3091 1948 3125 von
1989 3075 2080 3126 der
2119 3075 2255 3124 hand
2296 3075 2499 3125 Reueh-

175 3157 260 3208 lins
297 3163 486 3210 stella-n
535 3177 628 3210 aus
669 3160 1035 3226 Hieronymus,
1071 3161 1330 3222 Lactanz,
1367 3161 1491 3211 Joh.
1542 3163 1971 3228 Chrysostomus,
2015 3164 2303 3229 Dionysius
2342 3165 2503 3214 Areo—

172 3251 345 3311 pagita,
393 3252 770 3314 Hieronymus,
811 3249 1048 3298 Hilarius
1086 3248 1192 3300 und
1231 3249 1515 3300 Cassianus
1554 3253 1897 3317 eingetragen
1925 3254 2029 3316 (am
2056 3253 2317 3302 schlusse:
2358 3252 2503 3302 Finit

174 3338 390 3386 secunda
435 3354 560 3402 pars
611 3337 970 3400 adorationis).
1047 3339 1146 3388 Die
1183 3339 1551 3403 griechischen
1590 3341 1971 3405 eintragungcn
2010 3341 2106 3390 auf
2132 3339 2235 3390 den
2272 3341 2501 3390 blattam

171 3422 334 3472 hinten
374 3425 632 3476 schcincn
673 3426 930 3476 ebcnfails
970 3443 1070 3476 von
1110 3428 1168 3476 R.
1211 3443 1279 3476 zu
1315 3435 1572 3476 statumen
1628 3426 1721 3490 (bl.
1768 3430 1899 3478 304⁸
1944 3427 2165 3477 Sanctus
2215 3429 2501 3492 Dionysius

173 3509 226 3559 de
274 3495 657 3564 Ecclesiastico,
709 3513 1006 3564 hierarchia
1051 3526 1107 3564 co
1163 3521 1250 3562 111
1301 3515 1382 3564 sic
1427 3521 1542 3564 orat
1592 3531 1639 3565 u.
1683 3531 1723 3565 e.
1763 3531 1823 3564 w.
1875 3517 2009 3564 3041»
2054 3515 2274 3564 Cosmus
2312 3515 2499 3566 Hiero-

173 3598 403 3662 solymita
446 3603 499 3649 in
540 3603 735 3667 hymno
773 3610 1074 3667 pentecoste
1114 3618 1163 3651 u.
1206 3617 1246 3652 8.
1288 3619 1348 3651 w.
1389 3605 1522 3652 3062
1559 3601 1761 3671 Ορφέως
1799 3599 1863 3660 εἰς
1892 3595 1981 3651 Ata
2018 3601 2237 3671 θυμϊαμα
2268 3620 2314 3652 u.
2345 3621 2386 3652 s.
2418 3620 2501 3664 w.,

175 3687 354 3737 zuletzt
401 3689 540 3738 noch
598 3690 694 3738 auf
737 3691 906 3738 010010
962 3689 1306 3755 papia-blatto
1362 3691 1641 3756 auflitisung
1694 3691 1839 3740 einer
1904 3689 2091 3740 00011111
2152 3690 2502 3756 abgekiirztei·

175 3777 509 3840 marginalien
546 3777 642 3826 >des
681 3777 890 3843 codex).
955 3780 1033 3827 An
1075 3778 1345 3827 1001110100-
1383 3779 1569 3829 stelleu
1606 3779 1726 3828 sind
1754 3779 1990 3829 hiibsche
2014 3779 2349 3828 minianu-en.
2415 3779 2503 3828 810

175 3867 300 3927 tragt
343 3866 714 3931 gegenwartig
761 3866 844 3914 die
891 3867 1134 3930 signatur
1181 3866 1244 3914 A.
1293 3867 1354 3916 N.
1393 3869 1483 3916 lv.
1526 3872 1573 3916 2.
1655 3847 1763 3916 Auf
1796 3867 1886 3916 der
1920 3868 2213 3918 inuenseite
2253 3867 2345 3916 des
2383 3883 2501 3916 vor-

176 3947 319 4000 deren
365 3954 583 4002 duckels
638 3955 797 4003 steht:
849 3954 952 4004 Hic
1001 3956 1135 4004 liber
1185 3956 1280 4007 Est
1325 3955 1545 4004 fratrum
1588 3955 1973 4020 predicatorum
2012 3957 2315 4006 Conventus
2356 3956 2502 4006 Basi-

175 4038 364 4102 liensis‚
401 4042 613 4095 seheiut.
652 4058 749 4090 von
792 4043 881 4100 der
920 4043 1056 4092 hand
1095 4025 1400 4106 Reuchlins,
1439 4044 1533 4094 das
1562 4043 2168 4108 dariibe1·geschriebene
2198 4045 2300 4092 Hic
2338 4043 2503 4094 lieber

161 4125 396 4194 .dagegen
437 4132 508 4179 ist
545 4145 649 4178 von
687 4129 960 4180 derselben
1001 4131 1156 4193 hand,
1197 4133 1294 4181 wie
1333 4131 1416 4180 die
1456 4131 1871 4181 untenstehcnde
1897 4131 2240 4197 bemerkung.
2306 4133 2502 4183 Weiter

177 4224 348 4284 unicn:
397 4219 675 4284 plusquam
725 4219 944 4284 triginta
997 4235 1161 4268 annos
1215 4219 1349 4286 apud
1403 4221 1748 4270 Reuclilinum
1798 4221 1923 4284 fuit,
1986 4221 2196 4270 tandem
2236 4225 2355 4286 post
2388 4221 2501 4284 eius

177 4314 379 4356 mortem
413 4305 654 4356 redditus
692 4309 990 4358 conventui.
1057 4309 1168 4358 Auf
1199 4309 1289 4358 der
1330 4310 1620 4358 inncnseite
1660 4309 1749 4358 des
1786 4309 2027 4358 1110101·οη
2063 4308 2277 4358 (10011010
2317 4309 2369 4356 10
2412 4307 2501 4354 (101

179 4391 326 4443 obern
362 4396 493 4446 ecke
533 4383 708 4446 rcciits
744 4396 904 4446 steht:
945 4396 1096 4457 Cui-d.
1137 4398 1408 4462 Rugusini.
1522 4402 1549 4446 2
1592 4396 1798 4464 caetera]
1840 4398 2069 4461 gemeint
2109 4397 2177 4445 ist
2202 4413 2250 4445 u.
2288 4412 2329 4445 a.
2361 4393 2498 4442 wohl

182 4481 304 4530 auch
329 4483 416 4534 dei·
453 4499 570 4548 sog.
611 4482 738 4534 Cod.
780 4487 897 4535 Bas·
931 4487 1008 4547 1⁴2,
1046 4487 1127 4534 010
1167 4485 1652 4552 evaugelicncodex
1692 4501 1784 4536 aus
1823 4485 1940 4536 dem
1982 4487 2010 4534 8
2042 4484 2217 4547 jahrb.

229 4593 482 4639 Reuehlin
934 4590 942 4596 ”
1811 4647 1819 4658 ,
2044 4578 2075 4630 2
