2950 5042
1354 414 1482 480 167

270 602 609 688 simplicem
668 604 1121 685 innocentiam,
1184 603 1299 689 qui
1354 624 1498 671 sum
1542 601 1846 683 traditus,
1903 624 2046 671 sum
2093 602 2412 683 venditus,
2457 624 2585 671 non

269 709 696 791 commonitus,
758 732 885 776 non
930 710 1273 796 praevisus3
1332 712 1516 795 cujus
1573 708 1910 775 consilium
1976 708 2253 794 principi
2307 707 2578 775 offeren-

266 814 403 879 dum
480 820 583 881 est
639 814 1042 899 publicatum
1114 821 1465 901 antequam
1544 813 1854 881 oblatum.
1958 814 2124 881 Eum
2197 814 2584 881 traditorem

264 918 675 1002 sediciosum,
730 927 799 987 et
856 922 1107 988 notorie
1152 922 1458 988 infamem
1505 919 2071 1000 calumniatorem,
2118 920 2252 1006 qui,
2299 940 2446 987 cum
2493 917 2581 985 sit

260 1024 509 1092 Judaeus
554 1026 953 1110 baptizatae,
1016 1033 1084 1093 et
1136 1026 1341 1094 laicus
1396 1026 1779 1111 conjugatus
1839 1031 2070 1091 contra
2114 1046 2218 1091 me
2267 1024 2580 1093 Christia-

258 1152 397 1197 num
456 1132 787 1199 hominem
845 1132 1091 1199 famose
1148 1131 1555 1217 praedicavit,
1629 1131 1998 1197 coadunata
2075 1130 2574 1216 congregatione

255 1233 526 1301 fidelium
552 1236 1033 1303 Francofordiae
1086 1240 1125 1319 ¹,
1173 1237 1562 1322 contemptis
1609 1235 1900 1303 ecclesiae
1945 1235 2268 1303 mandatis
2317 1242 2386 1302 et
2427 1256 2574 1302 con-

254 1341 721 1422 stitutionibus,
780 1362 927 1409 cum
986 1342 1341 1427 suspitione
1404 1341 1656 1409 reditus
1699 1340 1787 1407 ad
1833 1342 2142 1409 vomitum
2175 1342 2201 1381 ²
2217 1390 2235 1422 ,
2298 1362 2409 1409 vos
2457 1362 2572 1407 nu-

253 1446 415 1513 tritis
460 1446 701 1514 fovetis
746 1453 815 1515 et
859 1445 1161 1529 laudatis,
1208 1448 1321 1534 qui
1368 1452 1704 1515 emunctos
1751 1452 1818 1513 et
1864 1447 2302 1531 emungendos
2347 1446 2576 1533 grandi

253 1552 515 1636 pecunia
559 1552 603 1618 J
606 1551 827 1619 udaeos
871 1552 936 1617 in
981 1553 1113 1618 ista
1157 1559 1293 1620 tam
1338 1550 1683 1619 favorabili
1728 1572 1928 1618 causa
1986 1550 2246 1637 scriptis
2309 1552 2575 1619 notavit.

252 1658 523 1725 Putasne
596 1658 857 1742 piarum
916 1658 1172 1724 aurium
1229 1679 1355 1725 non
1404 1658 1605 1725 fuerit
1649 1654 2054 1737 offensivum,
2113 1658 2288 1742 quod
2351 1680 2456 1725 me
2514 1659 2582 1724 in

252 1764 521 1830 verbulis
583 1762 977 1851 quibusdam
1022 1784 1256 1849 capere
1314 1764 1568 1831 conaris
1615 1768 1684 1829 et
1739 1760 2130 1829 detestanda
2191 1784 2394 1848 opera
2451 1784 2579 1830 non

249 1868 679 1936 abomineris?
767 1869 1171 1936 Accederent
1212 1870 1371 1937 item
1416 1875 1570 1955 post
1615 1889 1877 1935 manum
1923 1866 2202 1933 validam
2249 1872 2462 1953 poi-itae
2509 1875 2578 1935 et

248 1974 549 2055 historici,
604 1995 875 2059 quorum
920 1974 1042 2040 hoc
1086 1981 1377 2060 tempore
1425 1996 1658 2060 magna
1689 1974 1875 2057 copia
1908 1974 2082 2054 vivit,
2129 1973 2244 2059 qui
2274 1995 2377 2040 me
2410 1996 2579 2059 prse-

248 2088 575 2165 ceptorem
624 2078 950 2165 quondam
996 2100 1201 2162 suum,
1249 2086 1322 2147 ut
1365 2102 1491 2165 par
1536 2086 1654 2161 est,
1700 2085 2110 2159 venerantur,
2160 2078 2273 2165 qui
2318 2086 2570 2147 tantam

247 2185 657 2271 iniquitatem
686 2184 1204 2252 adversariorum
1221 2193 1558 2271 perpetuas
1585 2184 1922 2253 traderent
1953 2186 2279 2251 memoriae
2300 2192 2368 2251 et
2393 2185 2574 2252 inno-

247 2300 461 2357 center
507 2312 778 2377 passum
823 2311 925 2356 me
974 2290 1420 2359 describerent
1476 2312 1624 2359 cum
1671 2292 1960 2359 aetherna
2005 2291 2318 2377 gymnasii
2364 2291 2565 2357 vestri

244 2396 607 2480 ignominia.
698 2396 868 2481 Lege
900 2396 1182 2463 Minoem
1211 2398 1502 2465 Platonis
1551 2404 1618 2465 et
1661 2396 1948 2464 invenies
1980 2417 2136 2463 vera
2182 2417 2284 2463 me
2328 2396 2566 2463 dicere.

161 2538 165 2545 -
245 2501 438 2585 Igitur
494 2501 633 2567 noli
690 2522 832 2568 esse
884 2504 1100 2587 justus
1146 2503 1366 2584 nimis,
1420 2503 1655 2569 nedem
1702 2502 1929 2569 caelum
1989 2502 2271 2583 tuearis,
2329 2507 2576 2569 terram

246 2607 525 2675 amittas.
622 2606 859 2673 Thales
900 2607 1190 2676 Milesius
1236 2608 1463 2677 caelum
1509 2609 1767 2693 aspexit
1813 2614 1881 2674 et
1923 2608 1990 2672 in
2031 2606 2283 2673 foveam
2317 2607 2575 2673 cecidit.

242 2712 383 2777 Filii
428 2713 643 2780 Israel
691 2712 1093 2780 Sabbathum
1154 2714 1258 2779 dei
1305 2714 1752 2781 custodierunt
1797 2719 1865 2779 et
1924 2710 2095 2777 bello
2152 2712 2493 2795 perierunt
2525 2711 2567 2776 ³.

245 2816 457 2885 Habet
519 2818 791 2903 justicia
843 2818 1086 2903 gradus
1146 2842 1315 2887 suos.
1416 2821 1604 2887 Hunc
1667 2817 2054 2885 versiculum
2119 2837 2282 2901 puer
2346 2817 2574 2883 didici:

246 2922 585 3009 Glimpfius
634 2930 735 2991 est
780 2924 985 3009 pluris
1032 2947 1227 3009 quam
1272 2932 1414 2992 tota
1458 2926 1730 2993 scientia
1768 2925 1811 2991 J
1815 2924 1967 2990 uris.
2065 2923 2226 2989 Vale
2256 2922 2580 3003 foeliciter,

246 3029 325 3095 ad
382 3051 623 3116 pacem
683 3031 950 3115 pronior
1014 3053 1209 3116 quam
1269 3031 1354 3097 ad
1418 3030 1735 3115 superbas
1781 3026 2257 3108 contentiones,
2303 3050 2579 3113 quarum

250 3143 515 3203 autores
576 3135 797 3203 multis
854 3158 1026 3220 saepe
1092 3137 1543 3203 innocentibus
1599 3143 1751 3203 suut
1796 3134 1988 3201 caedis
2039 3134 2309 3201 occasio.
2404 3134 2580 3200 Stut-

248 3243 487 3325 gardiae
536 3247 575 3307 5
623 3242 717 3307 Id.
766 3242 1059 3309 Martias.
1107 3244 1225 3307 An.
1280 3247 1468 3309 1512.

418 3352 751 3414 Gedruckt:
794 3358 822 3414 1
857 3375 941 3409 =
969 3355 1026 3414 J.
1058 3371 1111 3413 v.
1146 3370 1197 3413 e.
1231 3371 1263 3413 r
1296 3348 1371 3411 4b
1404 3364 1493 3426 8⁸3
1531 3357 1568 3413 2
1607 3373 1686 3407 ..τ
1719 3351 1912 3433 Maius
1942 3352 1980 3409 1.
2015 3350 2054 3410 l.
2087 3368 2145 3426 p.
2181 3354 2303 3413 341
2326 3353 2413 3413 bis
2431 3353 2580 3412 343.

1298 3537 1541 3605 CXLV.

387 3626 565 3677 Wien.
2093 3620 2125 3671 ὁ
2165 3621 2312 3688 April
2359 3623 2511 3673 1512.

850 3697 1107 3775 Simon
1160 3698 1427 3773 Lazius
1483 3724 1580 3771 an
1634 3694 2000 3771 Reuchlin

442 3848 553 3914 R.s
612 3845 1067 3931 augenspiegel
1145 3846 1232 3914 ist
1311 3870 1431 3914 von
1499 3847 1665 3929 ihm,
1760 3866 1880 3911 von
1945 3843 2226 3911 Thomas
2295 3841 2504 3909 Resch
2536 3843 2584 3925 4,

1430 3994 1465 4032 ²⁸

393 4090 415 4135 1
460 4069 604 4136 iiber
640 4084 785 4135 disse
831 4084 1039 4151 predigt
1076 4085 1427 4137 Pfefferkoms
1485 4089 1512 4133 7
1557 4084 1698 4151 Sept.
1747 4086 1876 4135 1511
1929 4083 2038 4149 vgl.
2078 4080 2340 4136 Reuchlin
2379 4095 2420 4131 s.
2463 4081 2585 4132 255.

257 4177 283 4223 2
322 4173 452 4225 Cum
488 4173 778 4239 suspitione
815 4172 1015 4225 reditus
1052 4172 1119 4224 ad
1142 4172 1415 4239 vomitum]
1454 4172 1597 4224 kann
1643 4171 1916 4223 vielleioht
1950 4171 2127 4222 nichts
2165 4168 2354 4220 anders
2377 4164 2588 4231 heissen,

256 4260 331 4311 als
380 4263 511 4325 „auf
540 4260 659 4312 dem
696 4256 788 4313 der
825 4260 1079 4313 verdacht
1114 4260 1251 4323 ruht,
1302 4277 1367 4311 zu
1402 4261 1518 4311 dem
1567 4260 1902 4312 verlassenen
1949 4256 2184 4327 glauben
2231 4257 2368 4325 [dem
2397 4254 2586 4321 judeu-

256 4350 411 4417 thum]
449 4350 965 4403 zuriickzukehren‘fl
1040 4349 1391 4401 Bekanntlich
1438 4366 1547 4400 war
1583 4353 1758 4415 sputer
1795 4356 1946 4399 unter
1989 4347 2089 4397 den
2128 4346 2457 4397 humanisten
2497 4345 2590 4396 der

259 4435 444 4501 glaube
481 4439 551 4488 im
588 4437 938 4503 allgemeinen
967 4438 1265 4501 verbi-citet,
1302 4436 1427 4489 dass
1454 4436 1780 4489 Psefferkorn
1809 4436 2003 4486 wieder
2025 4434 2169 4487 Jude
2193 4432 2474 4501 gewordcn
2492 4432 2588 4484 sei.

263 4526 292 4586 ὃ
328 4526 557 4587 21401111.
601 4532 648 4597 2,
686 4529 770 4585 38.
905 4534 937 4583 4
975 4528 1165 4591 Reseh,
1208 4527 1437 4581 Thomas
1476 4526 1596 4597 (mit
1631 4526 1750 4581 dem
1789 4523 2066 4577 beinamen
2094 4522 2464 4599 velocisnus),
2515 4520 2588 4579 ist
