2950 5042
1344 373 1472 442 361

215 564 339 632 bus
381 565 515 632 suis
548 563 939 648 Stutgardiae
982 585 1122 630 esse
1169 565 1760 652 impeditissimum3
1807 572 2187 653 erpeotares
2218 565 2547 634 modicum

214 671 546 757 temporie,
596 692 665 738 se
712 671 969 737 omnino
1017 673 1136 739 tibi
1184 659 1420 740 morern
1461 693 1686 760 gerere
1730 679 1797 740 et
1835 674 1902 739 in
1943 671 2240 739 omnibus
2281 694 2546 758 operam

212 797 458 843 navare
514 777 678 843 velle
732 776 1091 844 affirmavit.
1183 779 1317 863 Ego
1374 779 1658 847 nondum
1715 785 1932 846 tamen
1981 778 2376 864 Stutgardiae
2434 779 2548 860 fui,

214 882 330 948 sed
391 903 533 950 sum
590 883 656 948 in
717 883 892 948 brevi
952 885 1167 951 iturus
1222 892 1301 951 et·
1343 908 1488 952 oum
1535 907 1612 952 eo
1663 887 1878 951 omnia
1923 884 2152 951 melius
2199 889 2545 964 traoturae,

214 988 471 1074 tibique
530 1010 751 1056 verum
806 991 1104 1056 nuntium
1152 993 1562 1060 remissurus.
1659 993 1895 1058 Verum
1945 991 2252 1076 quoniam
2295 1011 2413 1074 ego
2459 989 2543 1056 ad

213 1095 729 1180 recuperandum
779 1096 1071 1182 corporis
1116 1099 1244 1163 mei
1286 1098 1490 1164 ferme
1535 1097 1878 1184 deperdita
1920 1095 2212 1163 membra
2256 1117 2403 1162 eum
2435 1096 2546 1162 do·-

213 1202 391 1267 mino
436 1223 581 1268 meo
628 1201 1105 1286 Hirsaugiensis
1155 1226 1293 1269 sum
1344 1205 1520 1272 cirea
1581 1202 1720 1270 dies
1767 1203 1828 1270 S.
1875 1201 2046 1268 Galli
2101 1203 2185 1268 ad
2235 1201 2546 1268 Thermas

214 1307 363 1372 illas
424 1307 669 1372 ferinas
722 1311 761 1385 ¹,
810 1310 863 1374 si
925 1308 1115 1393 vulgo
1174 1311 1337 1374 bene
1398 1310 1660 1395 loquar,
1717 1331 1859 1376 sum
1919 1310 2149 1375 iturus.
2244 1306 2544 1373 Nondum

214 1415 347 1478 seio
399 1421 467 1478 et
514 1413 675 1478 bene
726 1423 793 1479 et
838 1435 917 1480 ex
965 1416 1215 1499 integro
1263 1423 1512 1482 certum
1559 1417 1801 1494 faeere,
1865 1416 1919 1480 si
1984 1416 2102 1479 sim
2165 1413 2248 1479 ad
2310 1413 2543 1480 vallem

215 1518 469 1604 Engadi
524 1519 548 1558 ²
618 1519 981 1599 rediturae,
1048 1543 1171 1586 non
1238 1531 1453 1587 tamen
1525 1522 1870 1587 obliviscar
1932 1521 2183 1585 interea
2247 1519 2546 1604 principii

216 1624 390 1712 quod
449 1624 570 1690 tibi
624 1627 893 1710 promisi
952 1628 1017 1691 in
1084 1627 1297 1694 divum
1346 1627 1825 1712 Hieronymum.
1917 1625 2172 1692 Etenim
2221 1630 2294 1690 et
2335 1625 2544 1710 ipsum

215 1731 653 1796 demonstrari
714 1732 947 1797 Joanni
1006 1732 1327 1819 capnion,
1394 1735 1498 1800 cui
1562 1733 1840 1819 placuit,
1899 1733 2240 1817 ipsumque
2305 1731 2544 1814 rogavi,

214 1844 288 1903 ut
342 1857 463 1916 suo
519 1837 711 1904 docto
770 1839 1024 1904 nomine
1072 1861 1268 1906 unum
1317 1841 1694 1925 proaemium
1758 1835 2174 1921 confingeret,
2237 1837 2348 1923 qui
2411 1857 2547 1902 res-

215 1943 449 2028 pondit
509 1942 691 2024 mihi,
746 1943 905 2012 mihi
960 1943 984 1982 ³
1038 1946 1199 2010 satis
1268 1963 1596 2030 superque
1661 1943 2132 2011 satisfuturum.
2225 1941 2546 2027 Experiar

214 2056 433 2114 tamen
482 2049 638 2134 quid
686 2050 771 2115 sit
816 2049 1109 2116 facturus
1164 2049 1413 2136 tibique
1474 2050 1776 2132 scribam,
1823 2071 1950 2136 quo
1997 2056 2290 2134 tempore
2335 2046 2542 2114 tabel-

212 2155 451 2222 larium
498 2156 881 2240 repperiam.

392 2261 466 2326 In
537 2262 743 2328 einem
808 2267 1111 2346 spiiteren
1184 2264 1389 2330 briefe
1453 2263 1724 2346 (Hirsau
1791 2267 1870 2327 13
1939 2261 2068 2327 kal.
2135 2260 2276 2327 oct.
2347 2263 2542 2339 1509)

208 2367 459 2434 kommt
490 2367 875 2434 Leoni-orius
920 2370 1252 2436 noohmals
1300 2370 1417 2436 auf
1457 2369 1562 2435 die
1607 2367 2104 2454 angelegenheit
2133 2365 2376 2433 zuriiok
2409 2366 2545 2432 und

206 2472 483 2553 meldet,
548 2473 700 2541 dass
758 2495 831 2539 er
888 2497 1009 2540 von
1062 2475 1371 2541 Reuehlin
1432 2475 1596 2542 noch
1658 2474 1844 2540 keine
1905 2479 2185 2538 antwort
2247 2471 2542 2538 erhalten

206 2579 392 2646 habe.
485 2568 665 2646 Uber
728 2580 1017 2646 dieeelbe
1084 2582 1278 2646 sache
1347 2580 1615 2647 handelt
1684 2580 1850 2646 auch
1917 2580 2022 2645 die
2085 2577 2251 2644 oben
2319 2577 2544 2660 mitge-

202 2686 435 2752 theilte
482 2685 998 2770 correspondenz
1046 2687 1355 2752 zwisohen
1406 2687 1719 2754 Reuchlin
1768 2684 1900 2750 und
1953 2682 2312 2750 Amerbaoh
2373 2685 2540 2770 (nro.

204 2790 433 2871 CXIV,
481 2791 769 2872 CXVIII,
817 2792 1085 2860 CXXIII
1130 2792 1240 2879 ff.).

384 2903 468 2962 Zu
485 2919 530 2962 s,
558 2906 635 2962 43
668 2919 721 2962 a.
746 2907 803 2962 2.
838 2892 1001 2962 Uber
1028 2904 1224 2978 Lupus
1241 2921 1350 2963 von
1369 2903 2136 2978 Hermannsgriintrageioh
2153 2903 2326 2964 nach:
2360 2901 2537 2963 Erus·-

196 3027 327 3068 nms
360 2995 545 3069 Stella.
570 3010 821 3070 schreibt
841 3025 915 3068 an
940 3009 1221 3083 Spalatim
1250 3010 1385 3069 dass
1404 3009 1464 3070 S.
1487 3010 1581 3069 ein
1603 3011 1895 3085 exemplar
1923 3008 2026 3069 des
2039 3008 2363 3069 Radevious
2377 3011 2438 3068 in
2456 3011 2539 3069 ei·-

196 3131 328 3174 nem
349 3114 573 3175 kloster
590 3116 735 3174 oder
758 3115 851 3174 bei
871 3116 1205 3190 Leupoldus
1222 3133 1295 3175 ex
1304 3117 1742 3192 Hermunsgrnn
1757 3133 1932 3190 eques
1949 3120 2186 3176 auratus
2200 3116 2542 3175 bokommen

195 3221 395 3280 konne
424 3222 575 3296 prid.
619 3222 698 3281 id.
740 3237 870 3280 nov.
914 3225 1099 3282 1518.
1164 3223 1364 3298 Basel‚
1414 3222 1512 3282 off.
1545 3222 1686 3282 bibl.
1722 3221 1952 3282 hdscbr.
1989 3223 2057 3281 G.
2091 3222 2138 3296 1,
2175 3224 2254 3280 31
2299 3219 2399 3282 fol.
2435 3225 2536 3280 21.

382 3327 467 3385 Zu
508 3344 554 3386 s,
605 3329 751 3386 257.
844 3328 941 3386 Ich
988 3329 1137 3389 habe
1179 3345 1295 3388 nun
1344 3331 1403 3387 in
1448 3330 1534 3388 St.
1581 3327 1786 3388 Gallen
1837 3328 2158 3401 (stiftsbibl.
2211 3323 2332 3384 BB.
2383 3325 2539 3400 264)

194 3433 293 3492 die
324 3430 531 3492 schrift
558 3433 875 3507 gesunden,
928 3451 1036 3494 von
1068 3435 1171 3494 der
1202 3435 1271 3494 R.
1310 3433 1526 3494 Crocus
1559 3434 1803 3509 spricbt:

380 3537 789 3602 THEODORI
849 3539 1013 3599 VIBI
1070 3533 1079 3621 Ι
1137 3539 1674 3613 VNDEGVNQVE
1725 3539 1736 3621 Ι
1796 3539 2248 3601 DOGTISSIMI
2297 3537 2307 3618 Ι
2359 3537 2539 3599 Liber

197 3651 449 3720 quartus
494 3651 553 3704 et
596 3644 827 3704 Vltimus
870 3646 941 3706 de
980 3647 1406 3706 constructione
1449 3651 1459 3718 Ι
1498 3648 1567 3706 R.
1604 3647 1787 3707 Croeo
1828 3647 2106 3706 Britanno
2138 3643 2532 3730 Interpraete.1

378 3751 490 3812 Die
542 3739 725 3826 ganze
776 3753 979 3826 ubrige
1024 3755 1167 3812 seite
1220 3770 1329 3812 von
1387 3755 1572 3812 einem
1626 3769 1865 3827 grosseti
1915 3753 2292 3812 holzsehnitte
2337 3753 2534 3826 einge-

192 3874 485 3929 nommon‚
519 3873 777 3931 wappen,
812 3858 1091 3917 darunter
1122 3858 1215 3918 die
1244 3859 1526 3934 heiligen:
1561 3859 1792 3932 Moritz,
1827 3858 2101 3933 Stephon,
2135 3857 2373 3917 Mai-tin.

383 3980 420 4022 a
458 3957 530 4021 1b
560 3963 892 4038 Epigramm
924 3963 1024 4022 des
1056 3965 1125 4024 R.
1163 3964 1225 4023 C.
1260 3963 1688 4025 Londouiensis
1725 3981 1799 4024 an
1832 3963 2108 4022 erzbiseh.
2143 3963 2274 4023 Alb.

382 4073 421 4128 4
451 4088 509 4130 n.
548 4072 629 4129 35
662 4068 786 4129 fou.
819 4069 915 4129 bll.
952 4071 1009 4128 in
1048 4066 1133 4130 4⁰.

375 4177 445 4234 A.
481 4176 552 4235 Ε.
588 4175 959 4249 Privilegium
992 4191 1174 4251 gegen
1197 4176 1531 4236 naohdruok
1549 4173 1652 4236 auf
1680 4181 1717 4236 4
1743 4176 1942 4251 Jahre;
1977 4175 2281 4236 darunter:
2316 4174 2534 4251 Lipsiae

194 4285 255 4340 in
286 4281 509 4342 oedibus
541 4281 831 4340 Valentini
874 4285 883 4352 1
926 4281 1251 4340 Selmmann
1283 4281 1455 4343 Anno
1487 4282 1806 4344 M.D.XVI.

1359 4415 1394 4454 *

337 4511 355 4558 l
402 4502 667 4558 Wildbad.
800 4507 831 4556 2
870 4503 1183 4574 Eugenthal.
1311 4507 1341 4555 3
1380 4503 1482 4554 Die
1528 4504 1861 4558 handsohrii’t
1897 4505 1990 4556 hat
2025 4503 2306 4560 remex-hart
2341 4519 2530 4559 meum.
