2950 5042
1363 375 1496 442 343

425 566 565 645 Quo
611 564 705 646 fit,
751 571 827 632 ut
870 587 999 634 non
1059 565 1145 634 ab
1214 589 1285 632 re
1347 565 1942 636 baccalaurcandos
1995 567 2146 636 illos
2187 568 2254 634 in
2299 585 2586 635 amorem

250 672 351 737 sui
395 670 769 755 pellexerit‚
842 671 1017 758 quod
1078 671 1162 738 ad
1215 694 1283 738 se
1332 671 1874 758 amplectandam,
1927 683 2058 740 'non
2103 672 2408 758 algorem,
2463 696 2587 740 non

249 782 495 855 aestum,
544 798 669 842 non
704 777 952 861 vigilias
1003 777 1531 858 innumerabiles,
1563 777 1774 844 nullos
1823 778 2098 865 denique
2143 777 2400 844 labores
2445 801 2588 866 per·

247 882 687 961 timescerent‚
747 883 923 949 nulla
981 884 1387 950 incommoda
1444 882 1982 968 subterfugerent.
2076 883 2282 964 Quam
2327 884 2585 969 quidem

246 993 721 1054 correctatores
759 988 1023 1074 ingenui
1054 990 1459 1075 victoresque
1507 989 1781 1074 palestri
1825 990 2114 1076 reginam
2159 995 2226 1055 et
2271 989 2584 1056 nutricem

244 1093 719 1178 philosophiam
752 1097 1202 1178 quantomagis
1236 1095 1552 1162 hactenus
1580 1096 1924 1180 appetistis
1948 1098 1989 1175 ¹,
2021 1095 2409 1180 tantomagis
2440 1115 2584 1160 eam

242 1198 577 1266 laboribus
625 1199 929 1284 deinceps
960 1201 1469 1286 apprehendatis
1501 1201 1692 1268 velim
1741 1208 1808 1267 et
1850 1201 2323 1286 apprehensam
2373 1205 2584 1266 custo-

244 1305 457 1384 diatur,
504 1326 623 1370 nec
670 1303 842 1390 quod
890 1309 1135 1389 magnis
1199 1308 1482 1391 negociis
1539 1328 1614 1372 ac
1690 1308 1998 1390 impensis
2046 1312 2146 1372 est
2189 1313 2468 1392 partum,
2514 1305 2582 1371 id

242 1411 381 1476 ocio
444 1410 1015 1496 voluptatibusque
1050 1413 1077 1452 ²
1138 1411 1324 1478 facile
1380 1412 1726 1498 perdatur.
1819 1409 1982 1478 Nam
2057 1411 2233 1498 apud
2293 1411 2580 1498 Yrepum

240 1524 502 1601 portum
547 1515 867 1602 phrigium
916 1539 1145 1584 corvus
1193 1539 1417 1584 escam
1466 1539 1660 1603 quam
1710 1519 1928 1584 volatu
1974 1518 2436 1603 conamineque
2483 1538 2584 1583 ce-

244 1628 436 1706 perat
472 1621 497 1662 ³
545 1643 687 1688 eam
734 1644 963 1690 rursus
993 1629 1079 1690 'et
1138 1623 1417 1708 vulpinis
1475 1622 1814 1690 blandiciis
1873 1624 2083 1689 missit
2129 1629 2198 1690 et
2256 1623 2396 1690 ocio
2444 1622 2584 1707 qui·

244 1729 389 1795 dem
438 1727 848 1796 breviusculo
896 1729 1048 1796 dum
1098 1730 1290 1796 vellet
1336 1729 1614 1796 dulciter
1659 1728 1976 1813 clangere.

421 1835 552 1900 Vos
594 1835 803 1918 igitur,
851 1856 964 1902 vos
1012 1835 1270 1920 appello
1318 1840 1540 1920 patres
1588 1841 1655 1901 et
1699 1834 1820 1899 viri
1867 1834 2270 1900 celeberrimi
2319 1833 2579 1921 (videtis

240 1940 406 2006 enim
459 1961 752 2024 corpora,
777 1941 1087 2025 judicatis
1126 1937 1403 2026 animos)
1452 1963 1598 2008 cum
1644 1940 1710 2006 hi
1742 1961 1904 2025 quos
1935 1942 1964 1979 ⁴
2008 1940 2345 2026 proposita
2391 1946 2578 2006 tanta

239 2051 511 2131 propter
555 2045 1030 2131 philosophiam
1061 2046 1492 2133 pertulerunt,
1541 2052 1794 2112 tantum
1840 2045 2304 2113 laboraverunt
2349 2053 2422 2112 ut
2469 2069 2578 2112 eos

242 2173 317 2216 ex
362 2173 591 2217 eorum
654 2152 1177 2236 responsionibus
1241 2153 1620 2219 materrima
1669 2151 1755 2238 (‘?)
1813 2150 2200 2217 venerabilis
2247 2151 2578 2230 facultatis

240 2257 489 2324 arcium
535 2257 761 2342 dignos
796 2257 1215 2343 judicaverit,
1278 2260 1423 2346 quis
1472 2264 1590 2340 est,
1634 2279 1753 2344 per
1800 2257 1954 2323 deos
2001 2257 2422 2338 immortales,
2471 2259 2581 2345 qui

240 2363 484 2432 laureae
539 2363 875 2447 praemium
920 2364 1077 2447 ipsis
1139 2364 1462 2450 denegare
1528 2371 1766 2448 posset,
1837 2385 1966 2448 quo
2026 2361 2188 2431 fiant
2243 2362 2330 2430 ad
2377 2364 2576 2431 conti-

239 2469 534 2537 nuendas
566 2468 940 2554 disciplinas
970 2470 1340 2537 alacriores.
1386 2471 1522 2555 Ego
1567 2471 1764 2554 igitur
1811 2469 2166 2536 autoritate
2198 2469 2356 2534 mihi
2401 2491 2570 2534 com-

241 2577 437 2642 missa
505 2575 689 2642 vobis
756 2575 1052 2641 omnibus
1112 2581 1180 2641 et
1236 2576 1582 2660 unicuique
1642 2580 1927 2640 vestrum
1973 2574 2166 2640 trado
2204 2575 2277 2638 in
2323 2573 2576 2640 artibus

239 2681 817 2750 baccalaureatum
887 2681 1047 2749 dans
1110 2688 1431 2766 praeterea
1492 2681 1759 2748 cuilibet
1819 2679 2278 2746 auctoritatem
2321 2677 2578 2763 legendi

242 2787 621 2874 disputandi
668 2793 735 2853 et
780 2793 1034 2854 ceteros
1080 2793 1266 2854 actus
1312 2787 1657 2855 exercendi
1702 2786 1870 2852 hunc
1915 2785 2187 2870 gradum
2235 2783 2576 2853 baccalau-

240 2901 467 2962 reatus
532 2899 993 2961 concernentes
1057 2893 1161 2960 hic
1221 2900 1287 2960 et
1360 2892 1601 2978 ubique
1665 2893 1954 2958 locorum
2009 2892 2492 2976 pronuncioque
2523 2890 2574 2944 -5

241 3022 350 3068 vos
397 3003 463 3066 in
514 3000 767 3067 artibus
815 2999 1277 3067 baccalaureos
1322 3000 1391 3065 in
1434 2999 1692 3066 nomine
1739 3006 1858 3064 etc.

415 3106 764 3192 Reliquum
823 3112 953 3184 est,
1010 3113 1087 3172 ut
1141 3105 1226 3171 ad
1271 3106 1637 3190 graciarum
1684 3105 1973 3171 actiones
2020 3126 2123 3170 me
2172 3111 2573 3185 convertam;

245 3213 311 3280 id
358 3211 537 3300 quod
581 3213 754 3278 inter
802 3201 1015 3278 omnia
1061 3211 1217 3278 mihi
1260 3211 1825 3297 perdifficillimum
1862 3211 2167 3296 judicavi.

559 3401 701 3468 Ergo
738 3399 837 3451 tibi
874 3416 1093 3466 magnas
1131 3399 1337 3466 agimus
1375 3401 1517 3452 Deus
1557 3400 1750 3468 optime
1783 3407 1958 3468 grates
1997 3401 2018 3434 ⁵

670 3490 786 3552 Quo
822 3488 937 3539 sine
978 3487 1057 3538 nil
1092 3487 1331 3538 homines
1368 3488 1659 3538 auxiliante
1694 3487 1888 3538 valent.

564 3578 637 3628 Et
671 3575 825 3627 nobis
864 3576 1039 3644 superi
1076 3576 1460 3628 celebrantibus
1499 3576 1675 3629 ethera
1710 3592 1973 3626 summum
2011 3574 2032 3610 ⁷

672 3667 817 3728 Quos
858 3663 1015 3714 habet
1050 3665 1242 3715 excelsi
1276 3664 1427 3714 curia
1463 3671 1648 3715 sancta
1685 3652 1782 3714 dei‘.

565 3753 767 3804 Deinde
802 3751 900 3803 sub
936 3751 1169 3804 infernas
1204 3751 1409 3820 placeat
1445 3751 1754 3803 descendere
1788 3751 1932 3802 sedes

668 3841 737 3890 Et
770 3839 894 3890 dare
928 3840 1227 3907 promeritis
1262 3840 1477 3908 praemia
1512 3845 1668 3907 grata
1701 3837 1851 3890 viris.

1392 4009 1425 4046 ’k

398 4139 422 4184 1
464 4133 769 4201 appetisstis
803 4149 957 4184 mser.
1070 4137 1097 4182 2
1125 4134 1297 4184 Nach:
1336 4132 1546 4200 voluptz
1585 4132 1744 4199 hujus
1777 4138 2037 4200 ausgestr.
2071 4148 2226 4184 mscr.
2335 4135 2365 4182 3
2393 4131 2464 4180 So
2497 4129 2606 4180 flir'

250 4218 337 4270 das
372 4220 836 4273 unverstandliche
872 4227 1085 4288 peperat
1122 4237 1274 4274 mser.
1402 4225 1433 4270 4
1472 4221 1758 4272 Nochmals
1793 4236 1878 4272 am
1917 4220 2064 4283 rand,
2103 4235 2256 4271 macr.
2393 4220 2425 4270 5
2461 4234 2581 4284 pro-

250 4308 574 4374 nunccioque
622 4325 773 4360 mser.
920 4313 953 4362 6
1004 4309 1105 4361 Die
1152 4326 1301 4362 verse
1350 4309 1469 4360 sind
1522 4309 1625 4360 alle
1674 4309 1798 4361 roth
1845 4307 2250 4360 unterstrichen.
2399 4310 2427 4356 7
2471 4305 2581 4356 Das

251 4410 397 4446 macr.
436 4395 583 4448 hatte
620 4397 1019 4464 urspriinglich:
1066 4413 1325 4461 summum
1364 4397 1457 4454 das
1495 4397 1686 4450 aweite-
1711 4413 1736 4448 s
1773 4397 1844 4448 ist
1877 4396 2002 4448 aber
2037 4394 2434 4463 ausgestrichen
2469 4393 2580 4446 und

253 4497 321 4543 aa
355 4481 538 4548 dassen
577 4484 725 4536 stelle
758 4485 843 4536 die
878 4484 1240 4557 gewehnlicbe
1276 4485 1589 4561 abkflrzqng
1625 4487 1709 4538 fiir
1745 4483 1840 4538 das
1873 4503 1924 4538 m
1961 4501 2046 4536 am
2085 4483 2215 4536 ende
2249 4481 2508 4555 gemacht.
