2950 5042
1555 374 1686 441 134

448 567 668 637 studio
716 566 1041 635 indefesso
1090 566 1488 651 congessisti.
1580 565 1892 631 Placeant
1951 562 2106 631 licet
2163 564 2290 633 sibi
2343 562 2624 631 multum
2667 564 2786 630 He·

455 673 616 741 broei
676 693 933 753 omnes,
999 692 1127 737 non
1198 676 1417 737 tamen
1479 691 1765 757 unquam
1819 669 1951 736 tale
2013 691 2176 753 opus
2235 670 2604 754 perficient,
2659 675 2787 736 tam

450 779 729 846 latinum
776 783 843 843 et
892 776 1168 859 elegans,
1216 781 1402 843 tanta
1447 774 1727 861 denique
1776 775 2093 841 varietate
2139 774 2550 856 distinctum,
2609 781 2790 841 tanta

448 886 793 970 majestate
840 882 1113 965 fulgens,
1160 881 1337 965 qnod
1384 902 1511 945 non
1560 880 1811 945 Latinis
1858 881 2068 958 mod0‚
2116 879 2232 945 sed
2280 886 2347 945 et
2392 880 2635 947 Graecis
2690 903 2790 945 ex·

450 988 805 1074 petendum
851 987 937 1053 sit
981 985 1349 1069 plurimum.
1441 986 1529 1049 Et
1574 986 1631 1051 si
1675 1006 1900 1051 verum
1957 984 2171 1051 dicere
2229 984 2412 1064 licet,
2468 992 2606 1050 tam
2665 1006 2792 1050 me-

448 1094 617 1161 ritus
664 1115 761 1174 es,
822 1092 945 1158 hoc
1000 1090 1101 1155 vel
1147 1082 1335 1155 u'nico
1384 1110 1581 1173 opere
1639 1092 1813 1175 apud
1875 1111 2097 1157 omnes
2159 1091 2364 1155 sacris
2419 1090 2631 1156 literis
2691 1112 2793 1154 va-

448 1205 691 1279 cantes,
737 1203 813 1265 ut
854 1198 1027 1276 licet,
1076 1194 1438 1280 quamlibet
1482 1195 1758 1261 multum
1805 1196 1928 1261 tibi
1959 1195 2380 1279 rependeant,
2426 1216 2548 1279 par
2577 1201 2794 1261 tamen
2919 1218 2921 1265 ἕ

445 1304 729 1371 reddant
800 1322 1170 1387 numquam.
1282 1299 1626 1366 Debitores
1701 1300 2101 1368 constituisti
2175 1308 2321 1366 tuos
2391 1322 2618 1366 omnes
2687 1302 2796 1385 qui

446 1408 809 1476 divinarum
852 1408 1196 1474 literarum
1240 1405 1549 1471 abstrusa
1594 1406 1862 1492 propius
1891 1406 2136 1472 intueri
2167 1406 2408 1485 volunt,
2457 1406 2796 1472 debitores

444 1514 709 1601 inquam
772 1522 920 1580 tuos
986 1511 1381 1577 constituisti
1448 1518 1516 1576 et
1581 1510 1702 1577 tibi
1762 1511 2108 1590 obnoxios,
2174 1532 2301 1577 non
2349 1510 2781 1581 detractores.

447 1618 728 1686 Valeant
788 1640 939 1705 ergo
1000 1618 1112 1705 qui
1183 1623 1319 1682 tam
1380 1614 1667 1701 elegans,
1737 1622 1871 1681 tam
1933 1616 2093 1681 utile
2156 1623 2224 1681 et
2277 1616 2668 1701 praeclarum
2693 1614 2797 1683 'ac
2921 1624 2923 1669 ἲ

451 1722 740 1791 divinum
796 1744 991 1811 opus.
1020 1729 1139 1787 aut
1198 1719 1694 1801 calumniantur,
1743 1725 1861 1786 aut
1905 1720 2023 1786 tibi
2075 1722 2327 1787 auctori
2391 1722 2648 1806 eripere
2710 1725 2800 1789 ni-

445 1834 694 1897 tuntur.

630 1936 715 1999 At
746 1934 918 2002 dicet
940 1930 1342 1999 Pfefferkorn
1373 1938 1439 1997 te
1469 1930 1631 1995 illud
1665 1937 1994 1997 mutuasse
2047 1930 2132 1997 ab
2185 1930 2493 1998 Hebraeis.
2559 1934 2615 2000 Ο
2651 1934 2795 2020 lepi-

448 2039 605 2105 dum
668 2046 884 2126 caput.
981 2036 1289 2125 Nunquid
1345 2036 1533 2101 nobis
1595 2043 1747 2101 sunt
1810 2036 2094 2103 scientiae
2153 2033 2554 2121 congenitae?
2651 2041 2792 2119 Quis

444 2165 734 2230 unquam
814 2143 1116 2212 literatus
1179 2143 1385 2208 evasit
1460 2142 1599 2206 sine
1674 2150 2076 2226 praeceptore
2098 2193 2114 2222 ,
2183 2144 2325 2208 sine
2385 2144 2647 2211 literis?
2739 2146 2798 2211 Si

446 2250 609 2316 nihil
654 2248 1046 2316 censendum
1092 2253 1193 2315 est
1238 2254 1537 2312 nostrum
1585 2246 1759 2331 quod
1791 2245 1876 2313 ab
1919 2247 2063 2313 aliis
2116 2249 2502 2333 accepimuS,
2549 2252 2800 2335 proprii

444 2354 830 2421 habebimus
875 2353 1052 2419 nihil.
1126 2352 1305 2419 Nihil
1353 2352 1524 2417 enim
1569 2352 1634 2415 in
1681 2351 1852 2417 hunc
1895 2352 2206 2420 mundum
2255 2353 2607 2419 intulimuS.
2691 2357 2792 2435 Et,

450 2482 532 2527 ne
590 2459 675 2526 ad
720 2466 1033 2527 extranea
1082 2464 1523 2537 transeamuS,
1585 2456 1641 2523 si
1688 2457 1968 2523 eruditio
2018 2480 2211 2543 quam
2269 2458 2354 2524 ab
2411 2460 2560 2525 aliis
2617 2482 2798 2526 acce-

445 2565 679 2652 pimuS,
725 2570 953 2633 nostra
983 2587 1111 2632 non
1144 2569 1261 2647 est,
1299 2563 1440 2649 jam
1470 2562 2098 2647 Peripatheticorum
2139 2563 2415 2647 principi
2453 2566 2790 2631 Aristoteli

450 2672 595 2739 laus
626 2670 834 2738 omnis
866 2677 1095 2755 erepta
1126 2676 1245 2736 est.
1340 2668 1527 2747 Quod
1561 2669 1728 2733 enim
1762 2668 1868 2734 ille
1902 2670 2180 2753 scripsit,
2214 2692 2292 2734 ex
2322 2670 2467 2735 aliis
2504 2673 2798 2757 sumpsit,

448 2777 729 2843 maxime
776 2781 996 2843 autem
1042 2797 1085 2841 a
1133 2776 1400 2841 Platone
1450 2795 1577 2860 quo
1639 2796 1795 2840 usus
1851 2781 1951 2841 est
2013 2781 2431 2859 praeceptore.
2527 2776 2611 2841 Et
2659 2798 2801 2842 rur-

450 2903 594 2951 sum
642 2881 826 2949 Plato
884 2902 925 2946 a
982 2880 1268 2948 Socrate.
1360 2878 1667 2964 Nunquid
1728 2901 1880 2964 ergo
1939 2880 2125 2945 Plato
2184 2879 2426 2947 honore
2485 2902 2602 2947 suo
2665 2882 2788 2967 pri-

449 2993 661 3067 vatur,
707 2987 861 3073 quia
907 3006 985 3051 ea
1031 2986 1293 3069 scripsit
1340 3004 1482 3069 quae
1529 3004 1570 3049 a
1617 2984 1885 3051 Socrate
1933 2985 2232 3069 accepit?
2281 2986 2506 3051 Absit.-

623 3090 769 3156 Non
813 3090 972 3175 legit
1016 3088 1417 3158 Pfefferkorn
1462 3089 1630 3155 illud
1676 3090 2104 3157 Horatianum
2137 3093 2155 3130 ¹

763 3218 990 3271 Publica
1025 3221 1269 3271 materies
1304 3220 1500 3288 privati
1530 3220 1668 3284 ,iuris
1706 3221 1806 3271 erit
1842 3222 1889 3271 si

760 3306 877 3360 Non
917 3310 1060 3361 eirca
1097 3309 1255 3361 vilem
1291 3308 1635 3375 patulumque
1674 3308 1964 3361 morabitur
2001 3310 2196 3361 orbem.

627 3420 785 3487 Esto
832 3421 1054 3507 itaque
1110 3421 1195 3488 ab
1242 3422 1538 3489 Hebraeis
1587 3421 1889 3488 didiceris
1952 3422 2278 3489 hebraeum
2335 3425 2792 3509 acceperisque

359 3563 367 3574 ’
447 3526 792 3593 materiam
838 3526 918 3593 de
966 3548 1096 3612 qua
1140 3527 1502 3612 scripturus
1550 3549 1715 3607 eras,
1762 3528 2052 3612 nunquid
2099 3529 2296 3593 etiam
2341 3529 2790 3603 inventionem,

451 3630 969 3715 dispositionem,
1027 3634 1516 3700 exornationem
1562 3640 1629 3701 et
1672 3633 1804 3699 alia
1860 3632 1928 3699 id
2002 3635 2247 3717 genus?
2339 3634 2470 3701 Sed
2531 3636 2615 3701 de
2674 3634 2791 3699 hoc

452 3736 632 3803 satis.

625 3841 950 3909 Caeterum
1012 3863 1142 3908 non
1216 3845 1379 3911 satis
1441 3844 1734 3929 intelligo
1807 3844 2343 3928 compositionem
2396 3845 2588 3931 hujus
2657 3845 2784 3909 dic-

444 3947 667 4015 tionis:
718 3946 1385 4033 Semhammaphoras.
1481 3950 1609 4015 Fac
1654 3951 1886 4035 itaque
1925 3952 1980 4016 si
2027 3972 2131 4016 me
2183 3972 2363 4016 amas
2421 3956 2489 4015 et
2537 3951 2616 4015 de
2668 3949 2790 4015 hoc

447 4075 553 4121 me
613 4052 958 4119 certiorem
1017 4054 1277 4122 reddas.
1368 4056 1528 4123 Vale
1588 4056 1784 4122 foelix.
1879 4056 2140 4122 Salutat
2189 4061 2256 4121 te
2303 4056 2508 4123 abbas
2552 4061 2790 4121 noster.

449 4160 549 4225 Ex
594 4159 993 4243 Ottenpyrra
1038 4160 1235 4227 tertio
1282 4162 1383 4227 Kl.
1433 4161 1852 4247 Septembres
1906 4167 2095 4226 1511.

626 4267 771 4329 Msc.
805 4268 1033 4329 Ellenb.
1067 4272 1166 4331 lib.
1200 4271 1274 4347 H,
1308 4274 1479 4347 epist.
1516 4276 1574 4331 9.
1607 4272 1708 4333 fol.
1748 4275 1916 4333 103³
1945 4270 2034 4330 bis
2073 4264 2252 4330 104b.

1600 4426 1636 4465 an

602 4515 626 4561 1
671 4512 773 4563 Ars
808 4513 1018 4579 poetica
1062 4516 1178 4565 132.
