2950 5042
1569 388 1697 453 100

454 580 841 647 sacramenti
873 578 1205 663 voluptate
1228 576 1630 662 jucundius?
1677 578 1790 661 qui
1834 578 1980 661 cibi,
2027 602 2192 667 quae
2223 581 2419 649 mella
2453 586 2596 647 sunt
2635 579 2755 647 dul-

455 687 677 752 ciora?
724 706 917 771 quam
968 684 1089 749 Dei
1135 683 1301 748 scire
1347 682 1765 767 prudentiam
1814 690 1879 751 et
1924 686 1990 751 in
2037 686 2265 752 abdita
2311 687 2448 753 eius
2475 686 2748 771 intrare.“

452 792 639 857 Unde
686 791 853 857 Rabi
901 790 1189 875 Moyses,
1254 787 1425 854 filius
1473 788 1809 854 Neheman
1856 784 2296 859 Gerundensis
2347 795 2370 831 ¹
2412 792 2477 857 in
2523 791 2758 857 exordio

454 896 1079 965 Commentariorum
1132 894 1493 975 GeneseOS‚
1554 893 1743 979 longo
1804 918 2099 965 sermone
2161 898 2441 982 probare
2499 882 2760 977 conatur,

452 1002 861 1068 Salomonem
918 1022 1138 1085 regem
1205 1022 1427 1067 omnes
1488 1001 1844 1085 sapientiae
1910 1024 2068 1070 suae
2130 1003 2434 1085 influxus,
2489 1004 2568 1068 de
2623 1002 2762 1067 Pen-

452 1108 741 1174 tateuchi
809 1107 1017 1173 literis
1082 1107 1395 1172 hausisse.
1507 1106 1646 1185 Quo
1701 1108 1965 1174 tandem
2027 1110 2256 1177 modus
2322 1132 2468 1195 eg0‚
2524 1106 2764 1191 Dionysi

455 1202 885 1292 amatissime,
965 1218 1315 1297 postquam
1374 1210 1459 1277 ad
1525 1212 2006 1297 percipiendam
2069 1234 2448 1300 graecorum
2508 1214 2764 1298 linguam

454 1318 640 1384 annis
704 1317 1147 1403 superioribus
1208 1322 1274 1383 te
1328 1339 1604 1401 puerum
1660 1318 1966 1403 adjuncto
2027 1321 2402 1406 paedagago
2451 1320 2478 1359 ²
2535 1320 2768 1385 Floren-

456 1423 616 1487 tiam
678 1422 847 1488 hanc
916 1423 1308 1506 optimarum
1378 1423 1716 1489 literarum
1782 1424 2113 1507 altricem,
2163 1414 2298 1492 'non
2361 1414 2498 1492 sine
2562 1444 2767 1508 magno

454 1528 779 1611 impendio
822 1534 1009 1593 trans
1052 1527 1247 1611 Alpes
1296 1549 1331 1593 e
1365 1528 1596 1593 Suevia
1642 1528 1821 1610 misi,
1869 1536 2192 1615 quatenus
2223 1530 2553 1597 biennium
2596 1550 2770 1615 penes

456 1634 712 1717 egregia
757 1634 1107 1699 sanctitate
1153 1634 1379 1714 virum,
1424 1634 1610 1717 illum
1641 1632 1990 1719 Georgium
2037 1636 2450 1722 Vespucium,
2497 1636 2768 1703 assiduus

453 1758 717 1803 mensae
755 1738 921 1804 'suae
970 1760 1045 1803 ac
1094 1739 1358 1822 hospitii
1405 1740 1654 1820 sociu8‚
1717 1740 2032 1825 Angelum
2081 1743 2512 1823 Politianum‚
2571 1740 2774 1807 Marsi-

454 1843 612 1908 lium
657 1843 973 1923 Ficinum,
1038 1850 1105 1907 et
1152 1843 1553 1909 Demetrium
1603 1846 2108 1931 Chalcondylen,
2169 1855 2552 1933 ceterosque
2597 1847 2774 1932 philo-

456 1948 875 2030 sophissimos
922 1948 1211 2013 homines
1243 1950 1535 2032 quotidie
1583 1949 1880 2030 audires,
1927 1953 2106 2018 nolui
2138 1954 2335 2019 etiam
2381 1954 2534 2020 huic
2581 1949 2776 2019 decori

455 2058 570 2117 tuo
620 2052 843 2119 deesse
893 2054 1048 2136 quin
1095 2052 1423 2133 hebraica,
1470 2076 1641 2119 nunc
1690 2055 2016 2137 sacerdos,
2063 2058 2459 2137 addisceres,
2510 2075 2780 2143 praeser-

456 2158 574 2223 tim
646 2178 793 2221 cum
858 2162 1187 2223 nostrates
1247 2158 1486 2224 Judaei
1557 2160 1658 2225 vel
1726 2160 2000 2242 invidia,
2067 2162 2170 2227 vel
2229 2162 2564 2247 imperitia
2625 2160 2780 2227 ducti

458 2262 896 2328 Christianum
956 2264 1275 2327 neminem
1332 2264 1397 2329 in
1465 2286 1687 2331 eorum
1747 2265 1965 2350 lingua
2023 2267 2280 2334 erudire
2342 2268 2550 2335 velint
2606 2268 2778 2353 idque

344 2406 357 2415 α
454 2374 762 2434 recusant
834 2368 1171 2453 cujusdam
1238 2369 1401 2435 Rabi
1471 2370 1618 2436 Ami
1684 2373 2108 2453 auctoritate,
2180 2373 2290 2457 qui
2358 2373 2423 2438 in
2491 2368 2784 2439 Thalmud

462 2484 664 2533 nrm-1
706 2484 915 2534 runem
964 2476 1059 2541 ita
1106 2475 1290 2540 dixit.
1370 2474 1516 2542 Non
1563 2477 1997 2561 explanantur
2043 2479 2242 2544 verba
2288 2478 2447 2563 legis
2499 2478 2782 2563 cuiquam

456 2579 681 2662 gentili
725 2601 799 2645 eo
850 2580 1023 2665 quod
1072 2582 1388 2666 scriptum
1436 2588 1564 2648 est:
1615 2582 1739 2661 Qui
1784 2584 2134 2650 adnunciat
2181 2584 2377 2650 verba
2424 2606 2548 2651 sua
2581 2580 2784 2659 53001),

456 2690 811 2768 praecepta
864 2708 983 2751 sua
1041 2692 1107 2751 et
1146 2685 1399 2771 judicia
1449 2709 1569 2753 sua
1616 2686 1818 2754 Israel
1866 2710 1993 2755 non
2041 2690 2195 2756 fecit
2262 2688 2567 2755 similiter
2636 2686 2786 2755 omni

455 2790 647 2873 genti.
724 2790 925 2875 Nobis
958 2778 1293 2857 autem⁸in
1327 2798 1504 2859 statu
1540 2794 1790 2878 gratiae
1839 2794 2029 2861 aliter
2060 2795 2410 2862 mandatur
2443 2794 2732 2863 Matthaei
2767 2790 2788 2830 ³

456 2893 735 2961 decimo:
792 2896 976 2975 Quod
1024 2898 1089 2963 in
1136 2919 1360 2963 aurem
1409 2898 1683 2979 auditiS‚
1730 2899 2082 2983 praedicate
2131 2923 2326 2985 super
2371 2908 2586 2983 tecta,
2634 2896 2787 2987 quod

458 3006 526 3065 et
586 3022 703 3084 ego
758 3002 925 3067 facio
985 3007 1179 3086 teque
1226 3003 1469 3070 imitari
1525 3004 1771 3089 jubebo
1821 3011 1887 3072 et
1931 3028 2050 3089 pro
2097 3006 2220 3072 hoc
2267 3028 2418 3093 ergo
2483 3010 2789 3074 memento

456 3106 583 3169 mei
615 3107 815 3185 Deus,
866 3115 932 3172 et
963 3128 1160 3191 parce
1208 3108 1365 3177 mihi
1397 3109 1752 3176 secundum
1798 3110 2280 3178 multitudinem
2312 3113 2788 3180 miserationum

456 3214 740 3275 tuarum.
836 3213 1059 3278 Amen.

938 3335 1142 3421 Exegi
1184 3343 1872 3419 monumentumaere
1911 3336 1922 3426 Ι
1964 3340 2312 3424 perennius

1182 3442 1384 3509 Nonis
1422 3450 1432 3519 Ι
1480 3443 1735 3509 Martiis
1783 3444 1967 3511 Anno
2007 3443 2017 3531 Ι

1432 3548 1690 3616 MD.V1.
1733 3554 1742 3631 ι
1783 3552 1812 3589 4

1629 3716 1668 3753 -κ-

607 3812 627 3857 1
670 3806 777 3857 Der
816 3812 967 3857 unter
1004 3807 1095 3858 der
1134 3807 1447 3875 abkiirzung
1486 3811 1791 3872 „Ramban“
1839 3810 2104 3880 bekannte
2155 3812 2406 3863 erklflrer.
2556 3817 2586 3863 2
2627 3810 2788 3879 paeda·

454 3894 619 3964 gogo]
663 3895 875 3945 Johann
918 3898 1123 3960 Sti-eler,
1164 3897 1271 3962 vgl.
1311 3896 1498 3947 dessen
1539 3898 1704 3948 briefe
1753 3901 1880 3949 1491
1926 3899 2062 3951 oben
2101 3916 2210 3951 nro.
2235 3900 2415 3951 XXXI
2455 3916 2507 3953 u.
2547 3896 2788 3950 XXXIII.

458 3986 487 4034 3
524 3985 712 4035 Matth.
765 4000 807 4034 0.
850 3984 899 4033 X
939 4000 985 4044 v,
1027 3989 1109 4035 27.
1162 3983 1242 4034 καὶ
1278 3982 1306 4035 ὃ
1356 3983 1418 4045 εἰς
1456 3982 1512 4037 τὶ)
1563 3979 1644 4045 οὖς
1683 3984 1904 4050 ἀκούετε,
1960 3983 2196 4056 κηρύξατε
2246 3983 2323 4038 ἐπὶ
2377 3989 2475 4038 τῶν
2529 3982 2788 4056 δωμάτων.

456 4074 490 4120 4
530 4073 743 4123 Diesem
780 4072 933 4123 stiick
971 4072 1109 4138 folgt
1144 4074 1231 4123 ein
1269 4072 1553 4125 schreiben
1593 4074 1684 4125 des
1723 4078 1900 4141 Georg
1937 4075 2128 4126 Simler
2182 4092 2247 4126 an
2285 4075 2384 4127 den
2424 4073 2790 4127 buchdrucker

452 4160 709 4211 Anshelm
750 4160 835 4224 (27
882 4160 1030 4211 Mara
1084 4162 1255 4229 1506),
1300 4162 1355 4212 in
1404 4162 1656 4215 welchem
1703 4168 1924 4213 ersterer
1971 4162 2262 4215 Reuchlins
2313 4164 2458 4215 werk
2505 4162 2631 4215 sehr
2685 4158 2791 4211 lobt

450 4246 559 4301 und
597 4248 863 4310 mittheilt,
900 4246 1022 4297 dass
1061 4247 1231 4298 dieser
1270 4248 1360 4300 ihu
1400 4252 1494 4301 mit
1533 4251 1622 4301 der
1661 4266 1814 4319 sorge
1852 4251 1937 4301 fiir
1977 4250 2078 4303 den
2116 4250 2284 4307 druck
2322 4251 2414 4303 des
2453 4251 2658 4303 buches
2691 4249 2790 4299 dis-

454 4334 645 4385 cedens
686 4334 1032 4403 delegaverit3
1085 4335 1358 4387 discedens
1407 4354 1509 4388 von
1551 4340 1720 4389 einem
1763 4338 1994 4391 besuche
2033 4340 2086 4389 in
2111 4339 2427 4403 Pforzhei-m,
2452 4339 2623 4417 'deum
2659 4334 2787 4389 nach

453 4421 804 4473 Camerarius:
846 4424 910 4473 de
950 4424 1059 4472 vita
1094 4424 1329 4491 Philippi
1369 4428 1796 4478 Melanehthonis
1834 4428 2066 4479 narratio
2109 4426 2212 4492 (ed.
2253 4426 2462 4481 Strobel
2501 4443 2541 4481 s.
2581 4430 2637 4496 9)
2675 4439 2785 4476 eve·

458 4508 639 4559 niebat
675 4524 838 4575 saepe,
874 4516 932 4560 ut
968 4510 1293 4563 Reuchlinus
1332 4515 1553 4579 patriam
1592 4521 1646 4567 et
1681 4530 1805 4567 suos
1848 4516 2056 4567 viseret.
