2950 5042
1291 388 1422 454 201

214 576 708 647 Praedicatorum
749 579 817 645 in
849 574 1242 647 Alemanniae
1273 576 1603 660 provincia
1632 598 1918 660 numero,
1964 578 2077 664 qui
2108 600 2209 645 me
2239 566 2531 646 fraterna

214 684 560 765 charitate,
627 706 823 771 quam
879 686 959 751 de
1013 684 1143 751 illis
1205 684 1394 767 longo
1431 684 1569 769 jam
1618 691 1930 770 tempore,
1988 686 2116 751 imo
2163 671 2529 769 longissimo

215 796 273 855 et
325 790 612 857 consiliis
665 791 828 857 meis
893 796 961 857 et
1021 789 1278 856 auxiliis
1333 791 1605 855 meritus
1663 811 1803 856 sum
1859 791 2337 875 prosequatur?
2426 790 2531 856 Sic

213 896 366 964 enim
413 896 720 963 Socrates
775 896 948 981 apud
997 896 1284 962 Platonis
1331 896 1641 961 Timaeum
1698 896 1916 981 ejulat.
2008 896 2095 961 Et
2140 896 2266 961 heu
2312 896 2529 980 prisca

208 1000 386 1067 fidesl
479 1002 686 1069 Nemo
750 1001 1044 1067 herculei
1135 1000 1357 1067 Nemo.
1449 1002 1656 1085 Magis
1734 1008 1953 1067 autem
2020 1008 2329 1087 quassato
2386 1002 2526 1086 jam

205 1108 260 1173 in
303 1108 574 1175 tertium
617 1108 776 1175 mihi
820 1128 1061 1173 annum
1107 1112 1174 1173 et
1219 1128 1262 1175 a
1305 1106 1669 1173 latronibus
1714 1106 2051 1173 vulnerato
2082 1128 2211 1173 non
2244 1113 2362 1187 est,
2419 1108 2531 1192 qui

207 1235 382 1297 opem
448 1214 655 1294 ferat,
719 1234 850 1279 non
897 1219 1030 1293 est,
1099 1213 1210 1297 qui
1257 1212 1588 1293 consulat,
1655 1232 1865 1298 neque
1911 1212 2263 1294 Sacerdos,
2312 1234 2527 1298 neque

209 1320 446 1399 Levita,
491 1320 994 1403 praedicatorum
1039 1318 1408 1403 praesertim
1457 1338 1700 1398 eorum,
1761 1320 1826 1383 in
1874 1340 2037 1403 quos
2086 1324 2187 1385 tot
2232 1324 2299 1385 et
2342 1324 2531 1385 tanta

213 1425 520 1492 beneficia
551 1425 810 1505 contuli,
843 1431 919 1491 ut
949 1424 1063 1490 illa
1093 1426 1226 1491 suis
1257 1424 1468 1491 literis
1500 1429 1899 1491 attestentur
1926 1426 1965 1504 ¹,
1997 1425 2157 1491 satis
2190 1424 2534 1490 enunciare

209 1518 322 1597 non
368 1552 586 1616 posse.
676 1532 902 1597 Denuo
963 1530 1429 1611 Samaritanus,
1493 1530 1562 1595 id
1632 1536 1759 1609 est,
1826 1530 2178 1595 secundum
2226 1530 2534 1615 etymolo-

207 1638 358 1721 giam
425 1658 648 1717 suam,
693 1636 1073 1703 observator
1121 1636 1415 1721 quidam,
1463 1636 1724 1719 elegans
1770 1634 2080 1715 Scotista‚
2126 1635 2192 1700 in
2236 1642 2533 1720 tempore

211 1744 540 1823 succurrit,
589 1743 1023 1825 evangelicam
1071 1742 1424 1809 observans
1471 1742 1779 1825 regulam,
1826 1746 1901 1806 ut
1944 1740 2108 1807 asini
2170 1741 2531 1825 proximum

215 1870 278 1915 ex
317 1855 524 1933 puteo
587 1847 834 1933 absque
889 1854 1273 1914 nocumento
1333 1847 1645 1913 traheret.
1737 1847 1822 1911 Et
1866 1846 2083 1912 subito
2130 1847 2335 1925 DeuS,
2384 1868 2533 1913 ecce

214 1955 406 2020 Deus!
465 1954 534 2017 in
589 1974 692 2019 me
738 1975 1016 2039 namque
1061 1952 1686 2039 comprehendendo,
1732 1952 2195 2036 praedicatores
2240 1953 2337 2019 ita
2380 1960 2535 2019 sunt

210 2060 550 2140 excoecati,
605 2065 681 2125 ut
725 2080 844 2125 nec
890 2060 1305 2143 Evangelium
1351 2058 1773 2143 professionis
1820 2078 1952 2124 suae
1998 2058 2354 2139 imitantes,
2416 2081 2535 2125 nec

213 2166 498 2233 ecclesiae
565 2186 876 2245 canones,
945 2186 1156 2251 neque
1220 2165 1511 2245 modum,
1580 2185 1790 2250 neque
1854 2163 2236 2230 modestiam
2296 2164 2533 2230 norint.

210 2272 446 2357 Rogavi
491 2292 772 2356 namque
807 2272 1149 2337 Dominum
1194 2272 1261 2336 in
1294 2271 1555 2338 Dothan
1602 2276 1669 2335 et
1702 2269 1866 2335 dixi:
1916 2275 2201 2353 percute,
2248 2268 2536 2350 obsecre,

208 2378 368 2445 hanc
423 2384 682 2463 gentem
727 2379 1052 2459 caecitate,
1099 2377 1549 2462 percussitque
1597 2396 1710 2443 eos
1757 2376 2071 2441 Dominus
2116 2396 2197 2441 ne
2242 2376 2540 2443 viderent

209 2490 272 2551 et
313 2507 392 2551 ne
442 2490 868 2569 agnoscerent
913 2484 1082 2549 viam
1116 2483 1158 2549 2.

381 2590 570 2670 Quod
629 2590 772 2655 luce
835 2589 1074 2656 clarius
1132 2589 1470 2673 intelliges.
1579 2587 1743 2653 Nam
1813 2594 1889 2653 17
1952 2586 2079 2651 kal.
2152 2584 2467 2652 Octobres
2512 2586 2539 2625 ³

209 2698 494 2764 «Iacobus
541 2696 998 2776 Hochstraten,
1065 2695 1248 2781 prior
1293 2693 1693 2760 coloniensis
1740 2692 2261 2770 Praedicatorum‚
2308 2691 2421 2775 qui
2468 2712 2537 2755 se

211 2804 498 2869 nominat
551 2801 1000 2887 inquisitorem
1062 2801 1408 2886 provinciae
1471 2798 1863 2882 Moguntinae
1894 2799 1951 2877 ⁴,
2010 2818 2153 2862 cum
2217 2802 2435 2861 tamen
2480 2796 2537 2861 is

210 2930 412 2995 neque
469 2908 558 2975 sit
612 2929 821 2994 neque
879 2929 1022 2973 esse
1085 2908 1294 2991 possit
1350 2928 1430 2971 ex
1490 2906 1733 2971 ordinis
1798 2905 1899 2971 sui
1944 2900 2535 2979 constitutionibus,

212 3016 380 3081 misit
443 3016 530 3080 ad
593 3036 698 3079 me
765 3014 1158 3097 scripturam
1224 3013 1547 3096 privatam
1612 3018 1681 3079 et
1735 3032 1862 3078 non
1910 3008 2369 3089 authenticam,
2416 3028 2536 3074 nec

213 3122 344 3205 ipse
389 3120 664 3186 nuncius
711 3120 793 3185 de
841 3120 1286 3186 commissione
1335 3138 1454 3183 sua
1484 3116 1678 3183 fidem
1726 3117 2007 3195 fecerat,
2053 3136 2185 3201 qua
2228 3136 2331 3179 me
2380 3114 2538 3179 cita-

215 3228 318 3307 vit,
371 3233 447 3293 ut
508 3248 716 3292 essem
763 3225 1112 3308 Moguntiae
1157 3230 1307 3307 post
1352 3244 1577 3289 earum
1624 3224 1993 3289 litterarum
2040 3221 2541 3288 insinuationem

217 3340 391 3398 sexta
455 3334 594 3411 die,
664 3332 826 3397 hora
889 3352 1077 3396 mane
1143 3336 1374 3395 octava
1395 3380 1410 3409 ,
1474 3336 1551 3394 ut
1611 3328 1894 3395 viderem
1968 3334 2196 3393 contra
2254 3327 2541 3393 libellum

218 3460 417 3505 meum
468 3438 729 3503 oculare
777 3436 1108 3521 speculum
1155 3436 1422 3519 procedi
1467 3436 1756 3519 rigoroso
1804 3441 1881 3499 ut
1924 3436 2063 3517 ipse
2110 3432 2349 3518 ajebat,
2396 3452 2543 3516 pro-

219 3566 412 3625 cessu,
459 3544 716 3609 nemine
763 3548 1131 3622 accusante,
1178 3542 1354 3607 nullo
1403 3541 1735 3607 deferente
1782 3546 1897 3604 aut
1930 3537 2377 3617 denunciante‚
2426 3537 2541 3602 sed

221 3672 292 3715 ex
353 3651 495 3717 sola
564 3650 936 3715 temeritate
1005 3668 1124 3714 sua
1171 3668 1250 3713 ac
1319 3648 1643 3731 superbia.
1747 3645 1895 3710 Jam
1941 3642 2143 3707 sentis
2188 3639 2537 3707 volandum

1359 3793 1394 3831 ae

223 3910 394 3962 abesse
445 3910 624 3972 doleo,
679 3914 733 3957 Ut
783 3922 920 3973 aegffl
959 3906 1126 3957 literis
1172 3901 1332 3966 etiam
1379 3914 1615 3980 colloqui
1669 3914 1841 3965 liceat.
1925 3910 2177 3977 (Riegger
2226 3926 2416 3961 amoeu.
2465 3908 2543 3961 lit.

224 3998 448 4065 Friburg.
488 3999 541 4048 11
580 4014 620 4047 s·
664 3998 806 4061 377.)

358 4104 378 4147 1
419 4097 544 4163 Vgl.
595 4094 726 4144 oben
785 4093 870 4143 die
919 4092 1086 4144 briese
1133 4110 1240 4144 nro.
1279 4092 1603 4144 LXXXVIII
1641 4092 1693 4141 ff.
1840 4094 1867 4139 2
1913 4088 2031 4154 vgl.
2071 4090 2117 4136 4.
2158 4088 2293 4139 Mos.
2341 4088 2417 4148 16,
2465 4090 2545 4138 14.

227 4187 252 4233 3
286 4185 426 4236 Nach
455 4184 558 4235 den
579 4182 736 4233 akten
765 4184 836 4232 ist
855 4181 1002 4232 diese
1020 4182 1481 4247 zeitbestimmung
1506 4180 1654 4230 nicht
1688 4178 1899 4243 richtig,
1926 4175 2279 4227 Hochstratcn
2310 4173 2548 4224 schickte

228 4271 314 4322 den
363 4273 503 4323 brief
551 4288 636 4322 am
687 4274 744 4333 9,
802 4270 1062 4320 Reuchlin
1114 4270 1270 4320 sollte
1317 4286 1399 4320 am
1457 4272 1519 4319 15
1563 4270 1703 4335 Sept.
1748 4266 2051 4317 erscheinen
2097 4278 2140 4313 s.
2180 4280 2232 4315 n.
2286 4262 2549 4313 CLXXII.

229 4362 257 4407 4
291 4360 352 4411 So
389 4368 552 4411 nennt
587 4361 706 4412 sich
743 4360 1097 4411 Hochstraten
1151 4358 1327 4422 nicht,
1389 4358 1611 4409 sondern
1651 4354 1931 4421 inquisitor
1968 4352 2325 4413 coloniensis,
2362 4351 2547 4402 volens

225 4446 618 4508 jurisdictionem
661 4466 808 4503 stiam
837 4487 849 4499 .
879 4486 890 4501 .
921 4450 976 4498 in
1027 4448 1340 4520 moguntina
1389 4446 1661 4518 provincia
1705 4458 1977 4497 exercere.
2007 4478 2018 4497 .
2062 4442 2193 4491 Acta
2223 4440 2549 4511 judiciorum

235 4538 271 4591 Δ
304 4539 380 4593 iis.
