2950 5042
1585 376 1712 445 118

492 570 768 637 Sletstat
810 573 1120 653 corrupta
1148 566 1640 635 nomenclatura
1685 570 1918 633 vocant
1961 564 2213 632 decima
2241 564 2384 633 luce
2413 564 2774 633 Novembris.

490 676 676 741 Anno
722 696 765 741 a
810 673 1067 741 Christo
1112 678 1269 740 nato
1318 673 1610 739 DDDIX.

671 782 994 845 Gedruckt:
1035 788 1066 841 1
1098 782 1268 841 =G.
1295 801 1349 843 v.
1384 799 1435 842 e.
1468 800 1506 857 g
1541 786 1614 843 4⁸
1641 784 1730 843 bis
1761 800 1797 857 g
1833 784 1930 856 5⁸3
1970 786 2005 842 2
2035 784 2196 844 εὖ.
2230 801 2282 843 v.
2317 800 2366 844 e.
2401 785 2420 843 i
2453 787 2489 843 2
2515 800 2622 857 sq.;
2657 785 2778 841 3:

492 888 556 951 O.
588 906 643 949 v.
678 906 729 951 o.
761 890 819 949 11
846 888 947 949 fol.
986 890 1105 949 522
1133 888 1223 947 bis
1257 884 1395 949 53¹0.
1853 896 1856 899 ’

1571 1044 1764 1120 CXII.

634 1133 911 1199 Stustgm't·
2319 1136 2384 1185 29
2427 1133 2552 1183 Dec.
2595 1134 2728 1183 1509.

492 1236 821 1313 Joannes
874 1236 1241 1313 Reuchlin
1293 1238 1445 1312 LL.
1508 1238 1766 1312 doctor
1817 1238 2028 1312 fratri
2079 1238 2394 1313 Nicolao
2451 1236 2786 1335 Ellenbog
2905 1212 2907 1215 Δ

1483 1362 1816 1435 salutem.
2906 1356 2907 1399 ³

667 1484 1030 1569 Impetrare
1106 1482 1427 1551 debueras
1497 1486 1780 1551 omnium
1843 1486 2122 1551 maxime
2188 1484 2269 1551 de
2324 1484 2586 1569 Cratylo
2653 1485 2786 1568 quae
2905 1464 2907 1475 ¹

490 1612 531 1655 a
587 1611 691 1655 me
747 1589 1093 1675 postulasti
1152 1589 1421 1655 Nicolae
1492 1589 1962 1670 amantissime,
2039 1590 2093 1655 si
2151 1612 2279 1655 non
2345 1611 2450 1655 me
2513 1589 2787 1655 hactenus

486 1696 837 1761 trimestris
908 1694 1277 1779 aegrotatio
1333 1696 1431 1760 ita
1492 1695 1954 1779 oppressisset,
2011 1700 2084 1761 ut
2139 1696 2242 1763 vel
2303 1695 2570 1761 consilio
2627 1695 2788 1761 medi·

490 1822 712 1867 corum
780 1821 821 1865 a
892 1800 1100 1865 literis
1180 1800 1634 1865 abstinendum
1706 1799 1921 1865 fuerit.
2041 1800 2250 1865 Taceo
2325 1802 2560 1868 virium
2625 1800 2786 1865 imbe-
2906 1822 2907 1825 ¹

487 1906 823 1973 cillitatem
870 1926 999 1989 qua
1043 1926 1125 1970 ne
1162 1905 1529 1989 ,potuissem
1578 1904 1837 1989 quidem
1883 1905 2146 1971 lectioni
2190 1926 2446 1987 vacare,
2495 1907 2552 1971 si
2595 1908 2786 1971 voluis-

490 2032 644 2078 sem.
736 2008 1096 2093 Sperabam
1160 2010 1482 2094 quotidie,
1546 2016 1622 2075 ut
1683 2017 1835 2076 sunt
1892 2032 1998 2077 res
2059 2011 2401 2091 humanae,
2466 2012 2530 2076 in
2592 2012 2780 2078 bonam
2906 2096 2907 2103 ἵ

498 2136 601 2181 me
658 2114 1093 2181 valetudinem
1138 2120 1691 2196 resurrecturum3
1755 2114 1868 2181 sed
1933 2116 2044 2200 qui
2106 2136 2248 2181 sum
2301 2119 2522 2183 tenaci
2591 2117 2787 2203 pituita

496 2218 795 2285 conditus
854 2219 1028 2285 diem
1086 2220 1166 2285 de
1238 2220 1342 2285 die
1403 2220 1716 2306 protraho
1779 2222 2182 2315 salutemque
2248 2222 2404 2289 deos
2467 2245 2598 2290 oro,
2683 2224 2788 2287 Hoc
2906 2202 2907 2213 ἵ

494 2326 729 2391 iccirco
784 2324 870 2390 ad
925 2331 991 2391 te
1047 2325 1476 2392 trementibus
1538 2326 1824 2410 digitulis
1870 2327 2111 2409 scribo,
2159 2333 2234 2393 ut
2278 2350 2664 2413 pernoscas,
2704 2348 2788 2391 na·

497 2436 715 2495 turam
774 2429 1236 2515 impedimento
1298 2430 1518 2512 fuisse,
1574 2452 1656 2497 ne
1703 2431 1826 2501 tibi
1870 2454 2400 2517 moremgeram.
2497 2435 2696 2514 Quare
2733 2437 2790 2497 ut
2906 2420 2907 2425 ἵ

498 2535 743 2603 diutius
806 2536 1025 2603 libello
1087 2542 1202 2602 tuo
1264 2558 1392 2603 non
1457 2557 1684 2604 careas
1709 2587 1725 2618 ,
1790 2538 1977 2604 mitto
2041 2560 2188 2605 eum
2233 2539 2354 2603 tibi
2403 2540 2632 2605 eadem
2673 2538 2790 2602 sub-

500 2642 743 2707 stantia
797 2663 926 2727 qua
980 2642 1068 2707 ad
1119 2664 1220 2707 me
1277 2642 1573 2707 accessit.
1662 2643 1750 2707 Et
1804 2644 2095 2728 quamvis
2159 2646 2610 2728 gravissimum
2665 2643 2790 2707 mihi
2905 2710 2907 2727 ἒ

496 2748 614 2827 sit,
668 2768 772 2812 me
832 2747 953 2812 tibi
1000 2769 1127 2813 non
1172 2746 1463 2832 potuisse
1511 2747 1796 2832 placere,
1844 2753 2061 2815 tamen
2107 2750 2172 2815 in
2221 2751 2459 2817 damno
2521 2752 2640 2817 tibi
2688 2770 2789 2813 non
2905 2740 2907 2745 ’

486 2852 654 2917 tanti
700 2850 913 2917 fuerit.
1006 2853 1257 2918 Poteris
1305 2853 1474 2917 enim
1520 2852 1601 2918 de
1633 2853 2019 2920 dictionario
2051 2876 2282 2939 graeco
2315 2858 2370 2921 si
2415 2858 2591 2942 quod
2621 2856 2789 2921 habes

489 2977 710 3022 omnes
764 2963 840 3021 tu
893 2957 1031 3041 ipse
1094 2956 1384 3025 defectus
1450 2958 1772 3043 supplere.
1863 2962 1992 3026 Res
2052 2960 2260 3028 facilis
2309 2964 2438 3028 erit
2482 2983 2610 3028 non
2664 2958 2789 3025 diffi-

486 3061 644 3127 cilis.
738 3060 921 3139 Quod
984 3062 1039 3127 si
1098 3062 1249 3129 boni
1311 3064 1708 3130 consulueris
1773 3069 1839 3131 et
1895 3066 2089 3132 deum
2146 3089 2265 3152 pro
2329 3090 2479 3135 mea
2544 3068 2788 3135 sanitate

492 3167 857 3250 rogaveriS,
913 3168 981 3231 in
1040 3166 1169 3233 alio
1228 3169 1349 3234 tibi
1412 3170 1757 3237 restitutus
1815 3172 2083 3237 sanitati
2146 3194 2336 3258 spero
2398 3175 2787 3260 complacere.

489 3270 827 3337 Foeliciter
874 3272 1035 3336 vale.
1128 3274 1227 3337 Ex
1273 3273 1664 3359 Studgardia
1711 3282 1752 3341 4
1797 3277 1898 3341 Kl.
1947 3278 2288 3344 Januarias
2339 3286 2532 3347 1509.

660 3382 805 3441 Msc.
839 3382 1143 3457 Ellenbog.
1176 3382 1277 3443 lib.
1310 3382 1340 3441 I
1369 3384 1537 3458 epist.
1573 3388 1610 3444 7
1617 3388 1676 3446 4.
1708 3384 1807 3445 fol.
1847 3389 1980 3449 65³.

862 3600 865 3603 ,
1538 3542 1769 3613 CXIII.

627 3632 1003 3687 Ottenbeuren.
2322 3642 2382 3688 21
2423 3638 2553 3690 Jan.
2595 3640 2729 3687 1510.

495 3821 500 3826 „
616 3732 701 3805 F.
761 3732 1121 3809 Nicolaus
1174 3732 1556 3833 Ellenbog
1615 3734 1905 3809 doctori
1961 3732 2331 3835 Capnioni
2387 3735 2463 3811 S.
2526 3736 2596 3811 d.
2642 3738 2682 3807 ¹.

664 3864 907 3949 Accepi
937 3864 1165 3932 literas
1198 3871 1363 3947 tua8‚
1414 3868 1512 3931 vir
1542 3866 2000 3947 literatissime,
2047 3888 2192 3932 cum
2225 3868 2492 3954 Cratylo
2525 3868 2553 3908 ²
2583 3866 2785 3952 quibus
2906 3904 2907 3925 1

482 3969 765 4035 adversa
814 3977 880 4036 te
927 3972 1296 4038 valetudine
1344 3974 1587 4039 tentari
1617 3972 1644 4013 ⁸
1691 3972 1986 4039 dolenter
2029 3975 2268 4058 accepi.
2360 3974 2649 4041 Laboras
2677 3978 2739 4036 tu
2765 3969 2786 4007 4
2906 4000 2907 4013 ι

1638 4127 1674 4166 ’lt

629 4216 653 4261 1
694 4212 757 4264 N.
804 4214 863 4265 Ε.
909 4215 1053 4281 prior
1100 4216 1407 4285 monasterii
1456 4214 1864 4267 ottenburensis
1913 4216 2110 4267 Joanni
2157 4216 2412 4269 Reuchlin
2461 4215 2568 4268 LL.
2609 4210 2780 4265 doctori

480 4298 535 4349 S.
573 4299 626 4350 d.
666 4317 715 4367 p.
759 4305 837 4353 2..
877 4307 926 4353 4.
1078 4306 1105 4353 2
1146 4304 1255 4353 Der
1292 4306 1486 4371 anfang
1525 4305 1688 4357 lautet
1725 4306 1778 4354 in
1819 4309 1902 4355 2..
1943 4310 1997 4355 4:
2048 4305 2306 4359 Redditus
2341 4312 2422 4359 cst
2463 4305 2591 4357 mihi
2627 4303 2780 4365 craty-

479 4386 563 4437 lus
610 4404 713 4439 una
761 4405 879 4440 cum
929 4389 1098 4443 literis
1144 4392 1249 4440 tuis
1298 4394 1379 4443 vir
1424 4392 1520 4457 lit„
1569 4394 1676 4460 vgl.
1715 4394 1850 4444 oben
1889 4410 1998 4447 nro.
2039 4393 2202 4447 CXII.
2349 4399 2380 4447 3
2420 4394 2626 4461 tentari]
2659 4390 2778 4441 labo·

480 4462 594 4527 rare
636 4480 684 4527 2.
710 4514 721 4525 .
760 4481 807 4526 4.
956 4483 988 4527 4
1028 4479 1279 4549 Laboras]
1318 4483 1557 4546 gravaris
1598 4487 1680 4533 2..
1720 4487 1769 4533 4.
