<?xml version="1.0" encoding="UTF-8"?>
<!DOCTYPE html PUBLIC "-//W3C//DTD XHTML 1.0 Transitional//EN"
    "http://www.w3.org/TR/xhtml1/DTD/xhtml1-transitional.dtd">
<html xmlns="http://www.w3.org/1999/xhtml" xml:lang="en" lang="en">
 <head>
  <title>
</title>
<meta http-equiv="Content-Type" content="text/html;charset=utf-8" />
  <meta name='ocr-system' content='tesseract 3.04.00' />
  <meta name='ocr-capabilities' content='ocr_page ocr_carea ocr_par ocr_line ocrx_word'/>
</head>
<body>
  <div class='ocr_page' id='page_1' title='image "./johannreuchlins00geiggoog/johannreuchlins00geiggoog_0338.png"; bbox 0 0 2950 5042; ppageno 0'>
   <div class='ocr_carea' id='block_1_1' title="bbox 31 1915 33 2424">
    <p class='ocr_par' dir='ltr' id='par_1_1' title="bbox 31 1915 33 2424">
     <span class='ocr_line' id='line_1_1' title="bbox 31 1915 33 2424; baseline 0 0"><span class='ocrx_word' id='word_1_1' title='bbox 31 1915 33 2424; x_wconf 95' lang='lat' dir='ltr'><strong> </strong></span> 
     </span>
    </p>
   </div>
   <div class='ocr_carea' id='block_1_2' title="bbox 1574 394 1704 460">
    <p class='ocr_par' dir='ltr' id='par_1_2' title="bbox 1574 394 1704 460">
     <span class='ocr_line' id='line_1_2' title="bbox 1574 394 1704 460; baseline -0.015 0"><span class='ocrx_word' id='word_1_2' title='bbox 1574 394 1704 460; x_wconf 82' lang='lat'><strong>328</strong></span> 
     </span>
    </p>
   </div>
   <div class='ocr_carea' id='block_1_3' title="bbox 444 582 2794 2354">
    <p class='ocr_par' dir='ltr' id='par_1_3' title="bbox 444 582 2794 2354">
     <span class='ocr_line' id='line_1_3' title="bbox 444 582 2769 669; baseline 0.002 -24"><span class='ocrx_word' id='word_1_3' title='bbox 444 605 591 650; x_wconf 78' lang='lat' dir='ltr'><strong>‚non</strong></span> <span class='ocrx_word' id='word_1_4' title='bbox 636 583 845 669; x_wconf 78' lang='lat' dir='ltr'>possit</span> <span class='ocrx_word' id='word_1_5' title='bbox 892 585 1115 668; x_wconf 81' lang='lat' dir='ltr'><strong>magis.</strong></span> <span class='ocrx_word' id='word_1_6' title='bbox 1206 582 1373 650; x_wconf 79' lang='lat' dir='ltr'><strong>Nam</strong></span> <span class='ocrx_word' id='word_1_7' title='bbox 1420 585 1574 669; x_wconf 88' lang='lat' dir='ltr'><strong>quid</strong></span> <span class='ocrx_word' id='word_1_8' title='bbox 1621 589 1758 649; x_wconf 89' lang='lat' dir='ltr'><strong>tum</strong></span> <span class='ocrx_word' id='word_1_9' title='bbox 1831 584 2252 651; x_wconf 88' lang='lat' dir='ltr'><strong>obtenturum</strong></span> <span class='ocrx_word' id='word_1_10' title='bbox 2313 589 2378 652; x_wconf 89' lang='lat' dir='ltr'><strong>te</strong></span> <span class='ocrx_word' id='word_1_11' title='bbox 2443 583 2612 668; x_wconf 86' lang='lat' dir='ltr'><strong>apud</strong></span> <span class='ocrx_word' id='word_1_12' title='bbox 2655 605 2769 664; x_wconf 86' lang='lat' dir='ltr'><strong>eos,</strong></span> 
     </span>
     <span class='ocr_line' id='line_1_4' title="bbox 463 687 2775 775; baseline 0 -21"><span class='ocrx_word' id='word_1_13' title='bbox 463 711 505 754; x_wconf 88' lang='lat' dir='ltr'><strong>a</strong></span> <span class='ocrx_word' id='word_1_14' title='bbox 550 687 787 775; x_wconf 87' lang='lat' dir='ltr'><strong>quibus</strong></span> <span class='ocrx_word' id='word_1_15' title='bbox 852 688 1020 773; x_wconf 68' lang='lat' dir='ltr'><strong>equi</strong></span> <span class='ocrx_word' id='word_1_16' title='bbox 1077 689 1361 774; x_wconf 91' lang='lat' dir='ltr'><strong>bonique</strong></span> <span class='ocrx_word' id='word_1_17' title='bbox 1422 712 1750 775; x_wconf 90' lang='lat' dir='ltr'><strong>nunquam</strong></span> <span class='ocrx_word' id='word_1_18' title='bbox 1809 691 2162 774; x_wconf 84' lang='lat' dir='ltr'><strong>impetrare</strong></span> <span class='ocrx_word' id='word_1_19' title='bbox 2221 689 2466 775; x_wconf 87' lang='lat' dir='ltr'><strong>aliquid</strong></span> <span class='ocrx_word' id='word_1_20' title='bbox 2510 689 2775 775; x_wconf 83' lang='lat' dir='ltr'><strong>potuisti,</strong></span> 
     </span>
     <span class='ocr_line' id='line_1_5' title="bbox 461 793 2776 880; baseline -0.001 -21"><span class='ocrx_word' id='word_1_21' title='bbox 461 814 706 878; x_wconf 83' lang='lat' dir='ltr'><strong>speras,</strong></span> <span class='ocrx_word' id='word_1_22' title='bbox 752 794 805 858; x_wconf 82' lang='lat' dir='ltr'><strong>si</strong></span> <span class='ocrx_word' id='word_1_23' title='bbox 852 793 939 859; x_wconf 91' lang='lat' dir='ltr'><strong>sit</strong></span> <span class='ocrx_word' id='word_1_24' title='bbox 982 793 1047 858; x_wconf 86' lang='lat' dir='ltr'><strong>in</strong></span> <span class='ocrx_word' id='word_1_25' title='bbox 1094 802 1209 860; x_wconf 85' lang='lat' dir='ltr'><strong>tua</strong></span> <span class='ocrx_word' id='word_1_26' title='bbox 1258 794 1379 860; x_wconf 85' lang='lat' dir='ltr'><strong>bac</strong></span> <span class='ocrx_word' id='word_1_27' title='bbox 1424 801 1774 880; x_wconf 74' lang='lat' dir='ltr'>potestate,</span> <span class='ocrx_word' id='word_1_28' title='bbox 1823 802 1894 861; x_wconf 87' lang='lat' dir='ltr'><strong>ut</strong></span> <span class='ocrx_word' id='word_1_29' title='bbox 1947 794 2214 861; x_wconf 87' lang='lat' dir='ltr'><strong>Lutberi</strong></span> <span class='ocrx_word' id='word_1_30' title='bbox 2261 816 2562 862; x_wconf 87' lang='lat' dir='ltr'><strong>caussam</strong></span> <span class='ocrx_word' id='word_1_31' title='bbox 2604 795 2776 858; x_wconf 86' lang='lat' dir='ltr'><strong>inter-</strong></span> 
     </span>
     <span class='ocr_line' id='line_1_6' title="bbox 462 897 2780 985; baseline 0 -22"><span class='ocrx_word' id='word_1_32' title='bbox 462 897 691 965; x_wconf 81' lang='lat' dir='ltr'><strong>ficias?</strong></span> <span class='ocrx_word' id='word_1_33' title='bbox 746 897 990 964; x_wconf 82' lang='lat' dir='ltr'><strong>Novem</strong></span> <span class='ocrx_word' id='word_1_34' title='bbox 1026 900 1164 982; x_wconf 87' lang='lat' dir='ltr'><strong>jam</strong></span> <span class='ocrx_word' id='word_1_35' title='bbox 1212 920 1414 966; x_wconf 87' lang='lat' dir='ltr'><strong>annos</strong></span> <span class='ocrx_word' id='word_1_36' title='bbox 1472 901 1813 966; x_wconf 87' lang='lat' dir='ltr'><strong>continuos</strong></span> <span class='ocrx_word' id='word_1_37' title='bbox 1859 923 1985 967; x_wconf 89' lang='lat' dir='ltr'><strong>non</strong></span> <span class='ocrx_word' id='word_1_38' title='bbox 2035 900 2338 979; x_wconf 79' lang='lat' dir='ltr'><strong>didicisti,</strong></span> <span class='ocrx_word' id='word_1_39' title='bbox 2387 898 2543 985; x_wconf 88' lang='lat' dir='ltr'><strong>quid</strong></span> <span class='ocrx_word' id='word_1_40' title='bbox 2589 898 2780 965; x_wconf 83' lang='lat' dir='ltr'><strong>eblan-</strong></span> 
     </span>
     <span class='ocr_line' id='line_1_7' title="bbox 464 1001 2773 1091; baseline 0 -23"><span class='ocrx_word' id='word_1_41' title='bbox 464 1001 591 1069; x_wconf 84' lang='lat' dir='ltr'><strong>diri</strong></span> <span class='ocrx_word' id='word_1_42' title='bbox 636 1001 721 1069; x_wconf 86' lang='lat' dir='ltr'><strong>ab</strong></span> <span class='ocrx_word' id='word_1_43' title='bbox 766 1003 846 1069; x_wconf 89' lang='lat' dir='ltr'><strong>iis</strong></span> <span class='ocrx_word' id='word_1_44' title='bbox 900 1002 1143 1069; x_wconf 85' lang='lat' dir='ltr'><strong>liceat?</strong></span> <span class='ocrx_word' id='word_1_45' title='bbox 1210 1005 1395 1083; x_wconf 88' lang='lat' dir='ltr'><strong>Quod</strong></span> <span class='ocrx_word' id='word_1_46' title='bbox 1461 1008 1515 1072; x_wconf 89' lang='lat' dir='ltr'><strong>si</strong></span> <span class='ocrx_word' id='word_1_47' title='bbox 1562 1005 1830 1072; x_wconf 85' lang='lat' dir='ltr'><strong>Lutberi</strong></span> <span class='ocrx_word' id='word_1_48' title='bbox 1897 1005 2288 1091; x_wconf 74' lang='lat' dir='ltr'><strong>improbatio</strong></span> <span class='ocrx_word' id='word_1_49' title='bbox 2351 1007 2562 1090; x_wconf 91' lang='lat' dir='ltr'><strong>possit</strong></span> <span class='ocrx_word' id='word_1_50' title='bbox 2601 1005 2773 1070; x_wconf 80' lang='lat' dir='ltr'><strong>etiam</strong></span> 
     </span>
     <span class='ocr_line' id='line_1_8' title="bbox 466 1107 2777 1194; baseline 0 -20"><span class='ocrx_word' id='word_1_51' title='bbox 466 1107 719 1194; x_wconf 85' lang='lat' dir='ltr'><strong>eripere</strong></span> <span class='ocrx_word' id='word_1_52' title='bbox 766 1109 957 1175; x_wconf 84' lang='lat' dir='ltr'><strong>istinc</strong></span> <span class='ocrx_word' id='word_1_53' title='bbox 1006 1117 1093 1190; x_wconf 89' lang='lat' dir='ltr'><strong>te,</strong></span> <span class='ocrx_word' id='word_1_54' title='bbox 1138 1117 1356 1176; x_wconf 88' lang='lat' dir='ltr'><strong>tamen</strong></span> <span class='ocrx_word' id='word_1_55' title='bbox 1402 1111 1750 1178; x_wconf 85' lang='lat' dir='ltr'><strong>honestum</strong></span> <span class='ocrx_word' id='word_1_56' title='bbox 1797 1133 1922 1176; x_wconf 87' lang='lat' dir='ltr'><strong>non</strong></span> <span class='ocrx_word' id='word_1_57' title='bbox 1973 1111 2336 1177; x_wconf 84' lang='lat' dir='ltr'><strong>arbitrarer</strong></span> <span class='ocrx_word' id='word_1_58' title='bbox 2385 1131 2502 1176; x_wconf 86' lang='lat' dir='ltr'><strong>eas</strong></span> <span class='ocrx_word' id='word_1_59' title='bbox 2547 1117 2610 1176; x_wconf 88' lang='lat' dir='ltr'><strong>te</strong></span> <span class='ocrx_word' id='word_1_60' title='bbox 2652 1131 2777 1194; x_wconf 85' lang='lat' dir='ltr'><strong>par-</strong></span> 
     </span>
     <span class='ocr_line' id='line_1_9' title="bbox 464 1217 2782 1302; baseline 0 -23"><span class='ocrx_word' id='word_1_61' title='bbox 464 1219 569 1281; x_wconf 89' lang='lat' dir='ltr'><strong>tes</strong></span> <span class='ocrx_word' id='word_1_62' title='bbox 614 1233 1011 1299; x_wconf 77' lang='lat' dir='ltr'>oppugnare,</span> <span class='ocrx_word' id='word_1_63' title='bbox 1054 1217 1119 1281; x_wconf 90' lang='lat' dir='ltr'><strong>in</strong></span> <span class='ocrx_word' id='word_1_64' title='bbox 1170 1217 1405 1301; x_wconf 89' lang='lat' dir='ltr'><strong>quibus</strong></span> <span class='ocrx_word' id='word_1_65' title='bbox 1451 1225 1627 1284; x_wconf 88' lang='lat' dir='ltr'><strong>stare</strong></span> <span class='ocrx_word' id='word_1_66' title='bbox 1676 1217 1856 1283; x_wconf 82' lang='lat' dir='ltr'><strong>vides</strong></span> <span class='ocrx_word' id='word_1_67' title='bbox 1913 1238 2044 1297; x_wconf 89' lang='lat' dir='ltr'><strong>eos,</strong></span> <span class='ocrx_word' id='word_1_68' title='bbox 2093 1217 2499 1302; x_wconf 83' lang='lat' dir='ltr'><strong>quibuscum,</strong></span> <span class='ocrx_word' id='word_1_69' title='bbox 2546 1217 2661 1282; x_wconf 88' lang='lat' dir='ltr'><strong>nisi</strong></span> <span class='ocrx_word' id='word_1_70' title='bbox 2703 1217 2782 1280; x_wconf 89' lang='lat' dir='ltr'><strong>in-</strong></span> 
     </span>
     <span class='ocr_line' id='line_1_10' title="bbox 466 1320 2694 1406; baseline 0.001 -21"><span class='ocrx_word' id='word_1_71' title='bbox 466 1320 875 1403; x_wconf 86' lang='lat' dir='ltr'><strong>gratissimus</strong></span> <span class='ocrx_word' id='word_1_72' title='bbox 922 1341 1063 1386; x_wconf 87' lang='lat' dir='ltr'><strong>esse</strong></span> <span class='ocrx_word' id='word_1_73' title='bbox 1112 1320 1292 1400; x_wconf 79' lang='lat' dir='ltr'><strong>velie,</strong></span> <span class='ocrx_word' id='word_1_74' title='bbox 1338 1324 1583 1388; x_wconf 89' lang='lat' dir='ltr'><strong>sentire</strong></span> <span class='ocrx_word' id='word_1_75' title='bbox 1629 1324 1695 1387; x_wconf 89' lang='lat' dir='ltr'><strong>in</strong></span> <span class='ocrx_word' id='word_1_76' title='bbox 1715 1387 1721 1392; x_wconf 82' lang='grc'><strong>,</strong></span> <span class='ocrx_word' id='word_1_77' title='bbox 1743 1345 1814 1387; x_wconf 89' lang='lat' dir='ltr'><strong>re</strong></span> <span class='ocrx_word' id='word_1_78' title='bbox 1861 1322 2135 1389; x_wconf 88' lang='lat' dir='ltr'><strong>honesta</strong></span> <span class='ocrx_word' id='word_1_79' title='bbox 2179 1341 2440 1406; x_wconf 89' lang='lat' dir='ltr'><strong>semper</strong></span> <span class='ocrx_word' id='word_1_80' title='bbox 2486 1321 2694 1388; x_wconf 89' lang='lat' dir='ltr'><strong>debes.</strong></span> 
     </span>
     <span class='ocr_line' id='line_1_11' title="bbox 644 1425 2778 1514; baseline 0 -23"><span class='ocrx_word' id='word_1_81' title='bbox 644 1425 819 1491; x_wconf 87' lang='lat' dir='ltr'><strong>Satis</strong></span> <span class='ocrx_word' id='word_1_82' title='bbox 884 1447 1208 1514; x_wconf 80' lang='lat' dir='ltr'><strong>superque</strong></span> <span class='ocrx_word' id='word_1_83' title='bbox 1258 1427 1475 1494; x_wconf 86' lang='lat' dir='ltr'><strong>fuerat</strong></span> <span class='ocrx_word' id='word_1_84' title='bbox 1534 1450 1654 1512; x_wconf 88' lang='lat' dir='ltr'><strong>pro</strong></span> <span class='ocrx_word' id='word_1_85' title='bbox 1701 1428 2073 1494; x_wconf 85' lang='lat' dir='ltr'><strong>defensione</strong></span> <span class='ocrx_word' id='word_1_86' title='bbox 2119 1434 2234 1493; x_wconf 89' lang='lat' dir='ltr'><strong>tua</strong></span> <span class='ocrx_word' id='word_1_87' title='bbox 2283 1427 2594 1507; x_wconf 89' lang='lat' dir='ltr'><strong>scribere,</strong></span> <span class='ocrx_word' id='word_1_88' title='bbox 2637 1427 2778 1492; x_wconf 89' lang='lat' dir='ltr'><strong>nihil</strong></span> 
     </span>
     <span class='ocr_line' id='line_1_12' title="bbox 470 1527 2777 1618; baseline 0.001 -24"><span class='ocrx_word' id='word_1_89' title='bbox 470 1527 668 1596; x_wconf 85' lang='lat' dir='ltr'><strong>fuisse</strong></span> <span class='ocrx_word' id='word_1_90' title='bbox 692 1529 815 1594; x_wconf 93' lang='lat' dir='ltr'><strong>tibi</strong></span> <span class='ocrx_word' id='word_1_91' title='bbox 844 1551 987 1597; x_wconf 92' lang='lat' dir='ltr'><strong>cum</strong></span> <span class='ocrx_word' id='word_1_92' title='bbox 1017 1531 1302 1598; x_wconf 84' lang='lat' dir='ltr'><strong>Lutbero</strong></span> <span class='ocrx_word' id='word_1_93' title='bbox 1336 1554 1649 1618; x_wconf 87' lang='lat' dir='ltr'><strong>unquam,</strong></span> <span class='ocrx_word' id='word_1_94' title='bbox 1693 1532 1814 1598; x_wconf 90' lang='lat' dir='ltr'><strong>hoc</strong></span> <span class='ocrx_word' id='word_1_95' title='bbox 1847 1539 1914 1599; x_wconf 90' lang='lat' dir='ltr'><strong>et</strong></span> <span class='ocrx_word' id='word_1_96' title='bbox 1941 1534 2250 1600; x_wconf 85' lang='lat' dir='ltr'><strong>Erasmus</strong></span> <span class='ocrx_word' id='word_1_97' title='bbox 2285 1533 2576 1618; x_wconf 82' lang='lat' dir='ltr'><strong>scripsit,</strong></span> <span class='ocrx_word' id='word_1_98' title='bbox 2613 1532 2777 1597; x_wconf 87' lang='lat' dir='ltr'><strong>addis</strong></span> 
     </span>
     <span class='ocr_line' id='line_1_13' title="bbox 466 1636 2775 1725; baseline 0.001 -23"><span class='ocrx_word' id='word_1_99' title='bbox 466 1655 729 1702; x_wconf 83' lang='lat' dir='ltr'><strong>cansam</strong></span> <span class='ocrx_word' id='word_1_100' title='bbox 758 1641 825 1702; x_wconf 86' lang='lat' dir='ltr'><strong>te</strong></span> <span class='ocrx_word' id='word_1_101' title='bbox 857 1637 997 1721; x_wconf 89' lang='lat' dir='ltr'><strong>ejus</strong></span> <span class='ocrx_word' id='word_1_102' title='bbox 1024 1636 1428 1722; x_wconf 82' lang='lat' dir='ltr'><strong>improbasse</strong></span> <span class='ocrx_word' id='word_1_103' title='bbox 1470 1659 1746 1724; x_wconf 87' lang='lat' dir='ltr'><strong>semper,</strong></span> <span class='ocrx_word' id='word_1_104' title='bbox 1778 1639 2110 1723; x_wconf 73' lang='lat' dir='ltr'><strong>aegerrime</strong></span> <span class='ocrx_word' id='word_1_105' title='bbox 2147 1638 2376 1706; x_wconf 87' lang='lat' dir='ltr'><strong>tulisse</strong></span> <span class='ocrx_word' id='word_1_106' title='bbox 2411 1639 2587 1725; x_wconf 86' lang='lat' dir='ltr'><strong>quod</strong></span> <span class='ocrx_word' id='word_1_107' title='bbox 2616 1646 2775 1706; x_wconf 88' lang='lat' dir='ltr'><strong>tunm</strong></span> 
     </span>
     <span class='ocr_line' id='line_1_14' title="bbox 464 1740 2782 1828; baseline 0.001 -22"><span class='ocrx_word' id='word_1_108' title='bbox 464 1760 697 1807; x_wconf 88' lang='lat' dir='ltr'><strong>nomen</strong></span> <span class='ocrx_word' id='word_1_109' title='bbox 741 1740 809 1806; x_wconf 90' lang='lat' dir='ltr'><strong>in</strong></span> <span class='ocrx_word' id='word_1_110' title='bbox 854 1742 1025 1808; x_wconf 88' lang='lat' dir='ltr'><strong>illius</strong></span> <span class='ocrx_word' id='word_1_111' title='bbox 1073 1745 1330 1828; x_wconf 88' lang='lat' dir='ltr'><strong>scriptis</strong></span> <span class='ocrx_word' id='word_1_112' title='bbox 1377 1746 1762 1824; x_wconf 87' lang='lat' dir='ltr'><strong>inveniatur,</strong></span> <span class='ocrx_word' id='word_1_113' title='bbox 1810 1750 2115 1810; x_wconf 88' lang='lat' dir='ltr'><strong>conatum</strong></span> <span class='ocrx_word' id='word_1_114' title='bbox 2174 1744 2370 1810; x_wconf 86' lang='lat' dir='ltr'><strong>etiam</strong></span> <span class='ocrx_word' id='word_1_115' title='bbox 2426 1745 2782 1812; x_wconf 79' lang='lat' dir='ltr'><strong>abstrahere</strong></span> 
     </span>
     <span class='ocr_line' id='line_1_15' title="bbox 467 1844 2794 1935; baseline 0.002 -26"><span class='ocrx_word' id='word_1_116' title='bbox 467 1865 584 1912; x_wconf 88' lang='lat' dir='ltr'><strong>nos</strong></span> <span class='ocrx_word' id='word_1_117' title='bbox 632 1846 743 1930; x_wconf 90' lang='lat' dir='ltr'><strong>qui</strong></span> <span class='ocrx_word' id='word_1_118' title='bbox 790 1844 883 1911; x_wconf 86' lang='lat' dir='ltr'><strong>illi</strong></span> <span class='ocrx_word' id='word_1_119' title='bbox 930 1846 1324 1914; x_wconf 56' lang='lat' dir='ltr'><strong>adhaereant.</strong></span> <span class='ocrx_word' id='word_1_120' title='bbox 1400 1849 1542 1916; x_wconf 88' lang='lat' dir='ltr'><strong>Hac</strong></span> <span class='ocrx_word' id='word_1_121' title='bbox 1589 1857 1722 1916; x_wconf 88' lang='lat' dir='ltr'><strong>tam</strong></span> <span class='ocrx_word' id='word_1_122' title='bbox 1790 1849 1964 1915; x_wconf 82' lang='lat' dir='ltr'><strong>foeda</strong></span> <span class='ocrx_word' id='word_1_123' title='bbox 2011 1847 2385 1915; x_wconf 80' lang='lat' dir='ltr'><strong>adulatione</strong></span> <span class='ocrx_word' id='word_1_124' title='bbox 2437 1871 2659 1935; x_wconf 86' lang='lat' dir='ltr'><strong>speras</strong></span> <span class='ocrx_word' id='word_1_125' title='bbox 2699 1871 2794 1916; x_wconf 85' lang='lat' dir='ltr'><strong>ex-.</strong></span> 
     </span>
     <span class='ocr_line' id='line_1_16' title="bbox 479 1951 2781 2037; baseline 0 -22"><span class='ocrx_word' id='word_1_126' title='bbox 479 1969 667 2016; x_wconf 88' lang='lat' dir='ltr'><strong>orare</strong></span> <span class='ocrx_word' id='word_1_127' title='bbox 716 1971 856 2030; x_wconf 87' lang='lat' dir='ltr'><strong>eos,</strong></span> <span class='ocrx_word' id='word_1_128' title='bbox 926 1973 1089 2037; x_wconf 85' lang='lat' dir='ltr'><strong>qnos</strong></span> <span class='ocrx_word' id='word_1_129' title='bbox 1150 1953 1207 2018; x_wconf 89' lang='lat' dir='ltr'><strong>si</strong></span> <span class='ocrx_word' id='word_1_130' title='bbox 1252 1955 1349 2018; x_wconf 88' lang='lat' dir='ltr'><strong>vir</strong></span> <span class='ocrx_word' id='word_1_131' title='bbox 1410 1976 1552 2020; x_wconf 89' lang='lat' dir='ltr'><strong>esse</strong></span> <span class='ocrx_word' id='word_1_132' title='bbox 1613 1955 1772 2022; x_wconf 88' lang='lat' dir='ltr'><strong>velis</strong></span> <span class='ocrx_word' id='word_1_133' title='bbox 1817 1976 1944 2021; x_wconf 89' lang='lat' dir='ltr'><strong>non</strong></span> <span class='ocrx_word' id='word_1_134' title='bbox 1990 1951 2231 2020; x_wconf 83' lang='lat' dir='ltr'><strong>debeas</strong></span> <span class='ocrx_word' id='word_1_135' title='bbox 2279 1954 2576 2022; x_wconf 85' lang='lat' dir='ltr'><strong>salutare</strong></span> <span class='ocrx_word' id='word_1_136' title='bbox 2621 1955 2781 2021; x_wconf 86' lang='lat' dir='ltr'><strong>etiam</strong></span> 
     </span>
     <span class='ocr_line' id='line_1_17' title="bbox 472 2055 2782 2149; baseline 0.002 -30"><span class='ocrx_word' id='word_1_137' title='bbox 472 2055 694 2136; x_wconf 88' lang='lat' dir='ltr'><strong>amice,</strong></span> <span class='ocrx_word' id='word_1_138' title='bbox 764 2061 865 2149; x_wconf 86' lang='lat' dir='ltr'><strong>tot</strong></span> <span class='ocrx_word' id='word_1_139' title='bbox 884 2063 1061 2148; x_wconf 20' lang='lat' dir='ltr'><strong>&#39;stam</strong></span> <span class='ocrx_word' id='word_1_140' title='bbox 1125 2057 1407 2125; x_wconf 85' lang='lat' dir='ltr'><strong>infandis</strong></span> <span class='ocrx_word' id='word_1_141' title='bbox 1466 2060 1675 2125; x_wconf 91' lang='lat' dir='ltr'><strong>modis</strong></span> <span class='ocrx_word' id='word_1_142' title='bbox 1735 2060 2012 2145; x_wconf 86' lang='lat' dir='ltr'><strong>pessime</strong></span> <span class='ocrx_word' id='word_1_143' title='bbox 2061 2059 2141 2124; x_wconf 90' lang='lat' dir='ltr'><strong>de</strong></span> <span class='ocrx_word' id='word_1_144' title='bbox 2189 2065 2255 2124; x_wconf 90' lang='lat' dir='ltr'><strong>te</strong></span> <span class='ocrx_word' id='word_1_145' title='bbox 2303 2060 2595 2126; x_wconf 88' lang='lat' dir='ltr'><strong>meritos.</strong></span> <span class='ocrx_word' id='word_1_146' title='bbox 2681 2057 2782 2124; x_wconf 85' lang='lat' dir='ltr'><strong>Sed</strong></span> 
     </span>
     <span class='ocr_line' id='line_1_18' title="bbox 470 2161 2776 2250; baseline 0.001 -24"><span class='ocrx_word' id='word_1_147' title='bbox 470 2179 687 2241; x_wconf 82' lang='lat' dir='ltr'><strong>exora,</strong></span> <span class='ocrx_word' id='word_1_148' title='bbox 736 2166 820 2240; x_wconf 87' lang='lat' dir='ltr'><strong>et,</strong></span> <span class='ocrx_word' id='word_1_149' title='bbox 864 2161 919 2228; x_wconf 90' lang='lat' dir='ltr'><strong>si</strong></span> <span class='ocrx_word' id='word_1_150' title='bbox 964 2183 1083 2246; x_wconf 92' lang='lat' dir='ltr'><strong>per</strong></span> <span class='ocrx_word' id='word_1_151' title='bbox 1128 2169 1389 2230; x_wconf 72' lang='lat' dir='ltr'><strong>aetatem</strong></span> <span class='ocrx_word' id='word_1_152' title='bbox 1435 2164 1607 2244; x_wconf 88' lang='lat' dir='ltr'><strong>licet,</strong></span> <span class='ocrx_word' id='word_1_153' title='bbox 1660 2164 1781 2232; x_wconf 88' lang='lat' dir='ltr'><strong>hoc</strong></span> <span class='ocrx_word' id='word_1_154' title='bbox 1827 2166 2024 2230; x_wconf 87' lang='lat' dir='ltr'><strong>etiam</strong></span> <span class='ocrx_word' id='word_1_155' title='bbox 2071 2164 2192 2245; x_wconf 86' lang='lat' dir='ltr'><strong>fac,</strong></span> <span class='ocrx_word' id='word_1_156' title='bbox 2241 2165 2416 2250; x_wconf 88' lang='lat' dir='ltr'><strong>quod</strong></span> <span class='ocrx_word' id='word_1_157' title='bbox 2467 2171 2776 2249; x_wconf 81' lang='lat' dir='ltr'><strong>tantopere</strong></span> 
     </span>
     <span class='ocr_line' id='line_1_19' title="bbox 465 2265 2779 2354; baseline 0.001 -24"><span class='ocrx_word' id='word_1_158' title='bbox 465 2285 655 2350; x_wconf 87' lang='lat' dir='ltr'><strong>posse</strong></span> <span class='ocrx_word' id='word_1_159' title='bbox 704 2265 919 2348; x_wconf 83' lang='lat' dir='ltr'><strong>velles,</strong></span> <span class='ocrx_word' id='word_1_160' title='bbox 966 2275 1039 2334; x_wconf 92' lang='lat' dir='ltr'><strong>ut</strong></span> <span class='ocrx_word' id='word_1_161' title='bbox 1088 2268 1352 2334; x_wconf 87' lang='lat' dir='ltr'><strong>Romam</strong></span> <span class='ocrx_word' id='word_1_162' title='bbox 1420 2269 1648 2336; x_wconf 87' lang='lat' dir='ltr'><strong>abiens</strong></span> <span class='ocrx_word' id='word_1_163' title='bbox 1694 2271 1951 2337; x_wconf 87' lang='lat' dir='ltr'><strong>Domini</strong></span> <span class='ocrx_word' id='word_1_164' title='bbox 2010 2268 2244 2336; x_wconf 88' lang='lat' dir='ltr'><strong>Leonis</strong></span> <span class='ocrx_word' id='word_1_165' title='bbox 2311 2269 2520 2354; x_wconf 88' lang='lat' dir='ltr'><strong>pedes</strong></span> <span class='ocrx_word' id='word_1_166' title='bbox 2568 2269 2779 2336; x_wconf 85' lang='lat' dir='ltr'><strong>oscule-</strong></span> 
     </span>
    </p>
   </div>
   <div class='ocr_carea' id='block_1_4' title="bbox 334 2368 2772 2460">
    <p class='ocr_par' dir='ltr' id='par_1_4' title="bbox 334 2368 2772 2460">
     <span class='ocr_line' id='line_1_20' title="bbox 334 2368 2772 2460; baseline 0.002 -25"><span class='ocrx_word' id='word_1_167' title='bbox 334 2455 339 2460; x_wconf 22' lang='lat'>⁸</span> <span class='ocrx_word' id='word_1_168' title='bbox 464 2368 788 2448; x_wconf 82' lang='lat' dir='ltr'><strong>ris,·adde</strong></span> <span class='ocrx_word' id='word_1_169' title='bbox 837 2373 1037 2438; x_wconf 87' lang='lat' dir='ltr'><strong>etiam</strong></span> <span class='ocrx_word' id='word_1_170' title='bbox 1068 2373 1243 2458; x_wconf 89' lang='lat' dir='ltr'><strong>quod</strong></span> <span class='ocrx_word' id='word_1_171' title='bbox 1289 2374 1616 2441; x_wconf 87' lang='lat' dir='ltr'><strong>detrectas</strong></span> <span class='ocrx_word' id='word_1_172' title='bbox 1646 2377 1924 2456; x_wconf 90' lang='lat' dir='ltr'><strong>minime,</strong></span> <span class='ocrx_word' id='word_1_173' title='bbox 1971 2382 2044 2443; x_wconf 88' lang='lat' dir='ltr'><strong>ut</strong></span> <span class='ocrx_word' id='word_1_174' title='bbox 2087 2376 2155 2441; x_wconf 89' lang='lat' dir='ltr'><strong>in</strong></span> <span class='ocrx_word' id='word_1_175' title='bbox 2199 2396 2316 2442; x_wconf 90' lang='lat' dir='ltr'><strong>nos</strong></span> <span class='ocrx_word' id='word_1_176' title='bbox 2363 2375 2639 2442; x_wconf 88' lang='lat' dir='ltr'><strong>scribas.</strong></span> <span class='ocrx_word' id='word_1_177' title='bbox 2681 2375 2772 2440; x_wconf 82' lang='lat' dir='ltr'><strong>Ta·</strong></span> 
     </span>
    </p>
   </div>
   <div class='ocr_carea' id='block_1_5' title="bbox 446 2475 2779 4572">
    <p class='ocr_par' dir='ltr' id='par_1_5' title="bbox 446 2475 2776 2878">
     <span class='ocr_line' id='line_1_21' title="bbox 446 2475 2776 2566; baseline 0.001 -24"><span class='ocrx_word' id='word_1_178' title='bbox 446 2495 609 2542; x_wconf 78' lang='lat' dir='ltr'><strong>‚men</strong></span> <span class='ocrx_word' id='word_1_179' title='bbox 658 2475 1033 2557; x_wconf 87' lang='lat' dir='ltr'><strong>videbimus,</strong></span> <span class='ocrx_word' id='word_1_180' title='bbox 1080 2485 1173 2558; x_wconf 87' lang='lat' dir='ltr'><strong>ut,</strong></span> <span class='ocrx_word' id='word_1_181' title='bbox 1223 2479 1321 2545; x_wconf 89' lang='lat' dir='ltr'><strong>vel</strong></span> <span class='ocrx_word' id='word_1_182' title='bbox 1366 2481 1568 2546; x_wconf 89' lang='lat' dir='ltr'><strong>invito</strong></span> <span class='ocrx_word' id='word_1_183' title='bbox 1615 2486 1700 2561; x_wconf 91' lang='lat' dir='ltr'><strong>te,</strong></span> <span class='ocrx_word' id='word_1_184' title='bbox 1743 2487 1809 2546; x_wconf 88' lang='lat' dir='ltr'><strong>et</strong></span> <span class='ocrx_word' id='word_1_185' title='bbox 1855 2502 2002 2547; x_wconf 90' lang='lat' dir='ltr'><strong>cum</strong></span> <span class='ocrx_word' id='word_1_186' title='bbox 2047 2481 2260 2566; x_wconf 89' lang='lat' dir='ltr'><strong>impiis</strong></span> <span class='ocrx_word' id='word_1_187' title='bbox 2313 2483 2660 2548; x_wconf 87' lang='lat' dir='ltr'><strong>curtisanis</strong></span> <span class='ocrx_word' id='word_1_188' title='bbox 2699 2501 2776 2545; x_wconf 87' lang='lat' dir='ltr'><strong>re-</strong></span> 
     </span>
     <span class='ocr_line' id='line_1_22' title="bbox 464 2579 2776 2672; baseline 0.002 -28"><span class='ocrx_word' id='word_1_189' title='bbox 464 2579 802 2661; x_wconf 86' lang='lat' dir='ltr'><strong>clamante,</strong></span> <span class='ocrx_word' id='word_1_190' title='bbox 852 2585 1252 2651; x_wconf 82' lang='lat' dir='ltr'><strong>excutiamus</strong></span> <span class='ocrx_word' id='word_1_191' title='bbox 1299 2593 1490 2671; x_wconf 86' lang='lat' dir='ltr'><strong>turpe</strong></span> <span class='ocrx_word' id='word_1_192' title='bbox 1541 2587 1766 2671; x_wconf 86' lang='lat' dir='ltr'><strong>jugum</strong></span> <span class='ocrx_word' id='word_1_193' title='bbox 1815 2592 1884 2652; x_wconf 90' lang='lat' dir='ltr'><strong>et</strong></span> <span class='ocrx_word' id='word_1_194' title='bbox 1925 2608 1964 2652; x_wconf 92' lang='lat' dir='ltr'><strong>a</strong></span> <span class='ocrx_word' id='word_1_195' title='bbox 2007 2586 2184 2652; x_wconf 87' lang='lat' dir='ltr'><strong>foeda</strong></span> <span class='ocrx_word' id='word_1_196' title='bbox 2219 2588 2540 2654; x_wconf 83' lang='lat' dir='ltr'><strong>servitute</strong></span> <span class='ocrx_word' id='word_1_197' title='bbox 2586 2584 2776 2674; x_wconf 83' lang='lat' dir='ltr'><strong>(quam</strong></span> 
     </span>
     <span class='ocr_line' id='line_1_23' title="bbox 461 2684 2774 2776; baseline 0.003 -27"><span class='ocrx_word' id='word_1_198' title='bbox 461 2690 535 2750; x_wconf 88' lang='lat' dir='ltr'><strong>tu</strong></span> <span class='ocrx_word' id='word_1_199' title='bbox 580 2684 860 2753; x_wconf 83' lang='lat' dir='ltr'><strong>libenter</strong></span> <span class='ocrx_word' id='word_1_200' title='bbox 905 2691 1204 2756; x_wconf 82' lang='lat' dir='ltr'><strong>serviisse</strong></span> <span class='ocrx_word' id='word_1_201' title='bbox 1261 2713 1517 2776; x_wconf 88' lang='lat' dir='ltr'><strong>semper</strong></span> <span class='ocrx_word' id='word_1_202' title='bbox 1579 2697 1663 2772; x_wconf 89' lang='lat' dir='ltr'><strong>te,</strong></span> <span class='ocrx_word' id='word_1_203' title='bbox 1710 2693 1896 2776; x_wconf 84' lang='lat' dir='ltr'><strong>quasi</strong></span> <span class='ocrx_word' id='word_1_204' title='bbox 1961 2692 2083 2757; x_wconf 93' lang='lat' dir='ltr'><strong>hoc</strong></span> <span class='ocrx_word' id='word_1_205' title='bbox 2147 2699 2214 2757; x_wconf 89' lang='lat' dir='ltr'><strong>te</strong></span> <span class='ocrx_word' id='word_1_206' title='bbox 2276 2691 2546 2776; x_wconf 86' lang='lat' dir='ltr'><strong>dignum</strong></span> <span class='ocrx_word' id='word_1_207' title='bbox 2591 2691 2774 2766; x_wconf 82' lang='lat' dir='ltr'><strong>fuerit,</strong></span> 
     </span>
     <span class='ocr_line' id='line_1_24' title="bbox 456 2790 1327 2878; baseline 0.008 -23"><span class='ocrx_word' id='word_1_208' title='bbox 456 2790 703 2878; x_wconf 84' lang='lat' dir='ltr'><strong>jactas)</strong></span> <span class='ocrx_word' id='word_1_209' title='bbox 749 2813 868 2859; x_wconf 89' lang='lat' dir='ltr'><strong>nos</strong></span> <span class='ocrx_word' id='word_1_210' title='bbox 914 2796 1327 2862; x_wconf 83' lang='lat' dir='ltr'><strong>vindicemus.</strong></span> 
     </span>
    </p>

    <p class='ocr_par' dir='ltr' id='par_1_6' title="bbox 458 2896 2779 4126">
     <span class='ocr_line' id='line_1_25' title="bbox 638 2896 2778 2987; baseline 0.001 -26"><span class='ocrx_word' id='word_1_211' title='bbox 638 2896 783 2963; x_wconf 86' lang='lat' dir='ltr'><strong>Tibi</strong></span> <span class='ocrx_word' id='word_1_212' title='bbox 828 2897 1131 2984; x_wconf 89' lang='lat' dir='ltr'><strong>displicet</strong></span> <span class='ocrx_word' id='word_1_213' title='bbox 1160 2901 1427 2968; x_wconf 89' lang='lat' dir='ltr'><strong>Lutberi</strong></span> <span class='ocrx_word' id='word_1_214' title='bbox 1476 2903 1822 2986; x_wconf 85' lang='lat' dir='ltr'><strong>negotium,</strong></span> <span class='ocrx_word' id='word_1_215' title='bbox 1857 2911 1924 2969; x_wconf 93' lang='lat' dir='ltr'><strong>et</strong></span> <span class='ocrx_word' id='word_1_216' title='bbox 1967 2902 2126 2968; x_wconf 90' lang='lat' dir='ltr'><strong>illud</strong></span> <span class='ocrx_word' id='word_1_217' title='bbox 2174 2902 2534 2987; x_wconf 84' lang='lat' dir='ltr'><strong>improbas,</strong></span> <span class='ocrx_word' id='word_1_218' title='bbox 2580 2900 2778 2966; x_wconf 80' lang='lat' dir='ltr'><strong>velles-</strong></span> 
     </span>
     <span class='ocr_line' id='line_1_26' title="bbox 461 3003 2778 3086; baseline 0 -20"><span class='ocrx_word' id='word_1_219' title='bbox 461 3023 586 3086; x_wconf 80' lang='lat' dir='ltr'><strong>que</strong></span> <span class='ocrx_word' id='word_1_220' title='bbox 653 3003 1026 3072; x_wconf 86' lang='lat' dir='ltr'><strong>extinctum.</strong></span> <span class='ocrx_word' id='word_1_221' title='bbox 1135 3007 1275 3072; x_wconf 80' lang='lat' dir='ltr'><strong>Non</strong></span> <span class='ocrx_word' id='word_1_222' title='bbox 1343 3008 1517 3073; x_wconf 87' lang='lat' dir='ltr'><strong>venit</strong></span> <span class='ocrx_word' id='word_1_223' title='bbox 1573 3008 1638 3071; x_wconf 92' lang='lat' dir='ltr'><strong>in</strong></span> <span class='ocrx_word' id='word_1_224' title='bbox 1701 3015 1983 3074; x_wconf 89' lang='lat' dir='ltr'><strong>mentem</strong></span> <span class='ocrx_word' id='word_1_225' title='bbox 2053 3008 2172 3073; x_wconf 91' lang='lat' dir='ltr'><strong>tibi</strong></span> <span class='ocrx_word' id='word_1_226' title='bbox 2251 3007 2443 3074; x_wconf 85' lang='lat' dir='ltr'><strong>fortis</strong></span> <span class='ocrx_word' id='word_1_227' title='bbox 2525 3008 2646 3073; x_wconf 81' lang='lat' dir='ltr'><strong>viri</strong></span> <span class='ocrx_word' id='word_1_228' title='bbox 2697 3004 2778 3070; x_wconf 82' lang='lat' dir='ltr'><strong>tui</strong></span> 
     </span>
     <span class='ocr_line' id='line_1_27' title="bbox 459 3110 2774 3198; baseline 0.001 -27"><span class='ocrx_word' id='word_1_229' title='bbox 459 3110 957 3192; x_wconf 84' lang='lat' dir='ltr'><strong>propugnatoris</strong></span> <span class='ocrx_word' id='word_1_230' title='bbox 1016 3112 1360 3190; x_wconf 87' lang='lat' dir='ltr'><strong>Francisci,</strong></span> <span class='ocrx_word' id='word_1_231' title='bbox 1424 3134 1549 3176; x_wconf 90' lang='lat' dir='ltr'><strong>non</strong></span> <span class='ocrx_word' id='word_1_232' title='bbox 1608 3113 1732 3178; x_wconf 90' lang='lat' dir='ltr'><strong>mei</strong></span> <span class='ocrx_word' id='word_1_233' title='bbox 1794 3115 1905 3198; x_wconf 91' lang='lat' dir='ltr'><strong>qui</strong></span> <span class='ocrx_word' id='word_1_234' title='bbox 1969 3135 2094 3179; x_wconf 89' lang='lat' dir='ltr'><strong>non</strong></span> <span class='ocrx_word' id='word_1_235' title='bbox 2161 3114 2226 3178; x_wconf 91' lang='lat' dir='ltr'><strong>in</strong></span> <span class='ocrx_word' id='word_1_236' title='bbox 2286 3113 2635 3198; x_wconf 88' lang='lat' dir='ltr'><strong>postremis</strong></span> <span class='ocrx_word' id='word_1_237' title='bbox 2675 3130 2774 3195; x_wconf 88' lang='lat' dir='ltr'><strong>pro</strong></span> 
     </span>
     <span class='ocr_line' id='line_1_28' title="bbox 461 3213 2779 3304; baseline 0.001 -28"><span class='ocrx_word' id='word_1_238' title='bbox 461 3218 528 3278; x_wconf 92' lang='lat' dir='ltr'><strong>te</strong></span> <span class='ocrx_word' id='word_1_239' title='bbox 574 3213 748 3292; x_wconf 88' lang='lat' dir='ltr'><strong>steti,</strong></span> <span class='ocrx_word' id='word_1_240' title='bbox 795 3215 991 3281; x_wconf 84' lang='lat' dir='ltr'><strong>etiam</strong></span> <span class='ocrx_word' id='word_1_241' title='bbox 1037 3222 1191 3282; x_wconf 89' lang='lat' dir='ltr'><strong>tunc</strong></span> <span class='ocrx_word' id='word_1_242' title='bbox 1258 3239 1399 3282; x_wconf 90' lang='lat' dir='ltr'><strong>cum</strong></span> <span class='ocrx_word' id='word_1_243' title='bbox 1465 3217 1740 3282; x_wconf 83' lang='lat' dir='ltr'><strong>maxime</strong></span> <span class='ocrx_word' id='word_1_244' title='bbox 1809 3225 1876 3284; x_wconf 91' lang='lat' dir='ltr'><strong>et</strong></span> <span class='ocrx_word' id='word_1_245' title='bbox 1929 3217 2477 3304; x_wconf 87' lang='lat' dir='ltr'><strong>periculosissime</strong></span> <span class='ocrx_word' id='word_1_246' title='bbox 2542 3217 2779 3282; x_wconf 82' lang='lat' dir='ltr'><strong>arderet</strong></span> 
     </span>
     <span class='ocr_line' id='line_1_29' title="bbox 462 3315 2774 3408; baseline 0.001 -28"><span class='ocrx_word' id='word_1_247' title='bbox 462 3315 585 3382; x_wconf 89' lang='lat' dir='ltr'><strong>hoc</strong></span> <span class='ocrx_word' id='word_1_248' title='bbox 628 3318 1013 3388; x_wconf 86' lang='lat' dir='ltr'><strong>incendium.</strong></span> <span class='ocrx_word' id='word_1_249' title='bbox 1106 3323 1248 3388; x_wconf 90' lang='lat' dir='ltr'><strong>Non</strong></span> <span class='ocrx_word' id='word_1_250' title='bbox 1296 3321 1572 3404; x_wconf 89' lang='lat' dir='ltr'><strong>aliorum</strong></span> <span class='ocrx_word' id='word_1_251' title='bbox 1634 3323 1745 3408; x_wconf 91' lang='lat' dir='ltr'><strong>qui</strong></span> <span class='ocrx_word' id='word_1_252' title='bbox 1792 3331 1859 3390; x_wconf 91' lang='lat' dir='ltr'><strong>te</strong></span> <span class='ocrx_word' id='word_1_253' title='bbox 1904 3345 2098 3390; x_wconf 88' lang='lat' dir='ltr'><strong>manu</strong></span> <span class='ocrx_word' id='word_1_254' title='bbox 2150 3331 2217 3390; x_wconf 88' lang='lat' dir='ltr'><strong>et</strong></span> <span class='ocrx_word' id='word_1_255' title='bbox 2263 3345 2403 3403; x_wconf 88' lang='lat' dir='ltr'><strong>ore,</strong></span> <span class='ocrx_word' id='word_1_256' title='bbox 2455 3345 2600 3389; x_wconf 91' lang='lat' dir='ltr'><strong>cum</strong></span> <span class='ocrx_word' id='word_1_257' title='bbox 2645 3320 2774 3406; x_wconf 85' lang='lat' dir='ltr'><strong>quia</strong></span> 
     </span>
     <span class='ocr_line' id='line_1_30' title="bbox 460 3422 2775 3512; baseline 0.002 -27"><span class='ocrx_word' id='word_1_258' title='bbox 460 3423 556 3486; x_wconf 88' lang='lat' dir='ltr'><strong>tui</strong></span> <span class='ocrx_word' id='word_1_259' title='bbox 602 3422 1085 3507; x_wconf 90' lang='lat' dir='ltr'><strong>misererentur,</strong></span> <span class='ocrx_word' id='word_1_260' title='bbox 1133 3434 1270 3493; x_wconf 89' lang='lat' dir='ltr'><strong>tum</strong></span> <span class='ocrx_word' id='word_1_261' title='bbox 1319 3430 1513 3493; x_wconf 88' lang='lat' dir='ltr'><strong>etiam</strong></span> <span class='ocrx_word' id='word_1_262' title='bbox 1565 3429 1736 3512; x_wconf 87' lang='lat' dir='ltr'><strong>quod</strong></span> <span class='ocrx_word' id='word_1_263' title='bbox 1785 3429 2082 3495; x_wconf 88' lang='lat' dir='ltr'><strong>viderunt</strong></span> <span class='ocrx_word' id='word_1_264' title='bbox 2127 3451 2538 3496; x_wconf 87' lang='lat' dir='ltr'><strong>communem</strong></span> <span class='ocrx_word' id='word_1_265' title='bbox 2583 3427 2775 3492; x_wconf 85' lang='lat' dir='ltr'><strong>litera-</strong></span> 
     </span>
     <span class='ocr_line' id='line_1_31' title="bbox 459 3535 2772 3618; baseline 0 -27"><span class='ocrx_word' id='word_1_266' title='bbox 459 3546 606 3592; x_wconf 87' lang='lat' dir='ltr'><strong>rum</strong></span> <span class='ocrx_word' id='word_1_267' title='bbox 652 3549 917 3594; x_wconf 88' lang='lat' dir='ltr'><strong>causam</strong></span> <span class='ocrx_word' id='word_1_268' title='bbox 962 3554 1106 3598; x_wconf 90' lang='lat' dir='ltr'><strong>cum</strong></span> <span class='ocrx_word' id='word_1_269' title='bbox 1158 3539 1269 3600; x_wconf 85' lang='lat' dir='ltr'><strong>tua</strong></span> <span class='ocrx_word' id='word_1_270' title='bbox 1316 3535 1442 3599; x_wconf 86' lang='lat' dir='ltr'><strong>ista</strong></span> <span class='ocrx_word' id='word_1_271' title='bbox 1489 3535 1916 3618; x_wconf 87' lang='lat' dir='ltr'><strong>conjunctam,</strong></span> <span class='ocrx_word' id='word_1_272' title='bbox 1977 3536 2177 3600; x_wconf 88' lang='lat' dir='ltr'><strong>tutati</strong></span> <span class='ocrx_word' id='word_1_273' title='bbox 2235 3556 2496 3618; x_wconf 88' lang='lat' dir='ltr'><strong>semper</strong></span> <span class='ocrx_word' id='word_1_274' title='bbox 2539 3539 2772 3599; x_wconf 86' lang='lat' dir='ltr'><strong>strenue</strong></span> 
     </span>
     <span class='ocr_line' id='line_1_32' title="bbox 462 3633 2773 3728; baseline 0 -32"><span class='ocrx_word' id='word_1_275' title='bbox 462 3638 631 3697; x_wconf 90' lang='lat' dir='ltr'><strong>sunt.</strong></span> <span class='ocrx_word' id='word_1_276' title='bbox 724 3635 860 3700; x_wconf 86' lang='lat' dir='ltr'><strong>Has</strong></span> <span class='ocrx_word' id='word_1_277' title='bbox 908 3643 977 3728; x_wconf 69' lang='lat' dir='ltr'><strong>tu</strong></span> <span class='ocrx_word' id='word_1_278' title='bbox 1027 3644 1247 3722; x_wconf 85' lang='lat' dir='ltr'><strong>‘partes</strong></span> <span class='ocrx_word' id='word_1_279' title='bbox 1295 3641 1673 3724; x_wconf 86' lang='lat' dir='ltr'><strong>impugnare</strong></span> <span class='ocrx_word' id='word_1_280' title='bbox 1720 3633 1908 3719; x_wconf 83' lang='lat' dir='ltr'><strong>velis,</strong></span> <span class='ocrx_word' id='word_1_281' title='bbox 1974 3641 2028 3705; x_wconf 91' lang='lat' dir='ltr'><strong>si</strong></span> <span class='ocrx_word' id='word_1_282' title='bbox 2087 3639 2298 3724; x_wconf 87' lang='lat' dir='ltr'><strong>possis</strong></span> <span class='ocrx_word' id='word_1_283' title='bbox 2360 3639 2560 3704; x_wconf 87' lang='lat' dir='ltr'><strong>etiam</strong></span> <span class='ocrx_word' id='word_1_284' title='bbox 2617 3635 2773 3701; x_wconf 83' lang='lat' dir='ltr'><strong>nulla</strong></span> 
     </span>
     <span class='ocr_line' id='line_1_33' title="bbox 460 3736 2768 3828; baseline 0 -25"><span class='ocrx_word' id='word_1_285' title='bbox 460 3736 631 3804; x_wconf 85' lang='lat' dir='ltr'><strong>bona</strong></span> <span class='ocrx_word' id='word_1_286' title='bbox 677 3741 1087 3823; x_wconf 89' lang='lat' dir='ltr'><strong>conscientia,</strong></span> <span class='ocrx_word' id='word_1_287' title='bbox 1138 3744 1252 3811; x_wconf 90' lang='lat' dir='ltr'><strong>sed</strong></span> <span class='ocrx_word' id='word_1_288' title='bbox 1300 3751 1373 3809; x_wconf 91' lang='lat' dir='ltr'><strong>ut</strong></span> <span class='ocrx_word' id='word_1_289' title='bbox 1419 3743 1703 3810; x_wconf 90' lang='lat' dir='ltr'><strong>admisso</strong></span> <span class='ocrx_word' id='word_1_290' title='bbox 1747 3745 1868 3810; x_wconf 92' lang='lat' dir='ltr'><strong>hoc</strong></span> <span class='ocrx_word' id='word_1_291' title='bbox 1926 3745 2211 3812; x_wconf 87' lang='lat' dir='ltr'><strong>facinore</strong></span> <span class='ocrx_word' id='word_1_292' title='bbox 2258 3743 2418 3809; x_wconf 90' lang='lat' dir='ltr'><strong>illud</strong></span> <span class='ocrx_word' id='word_1_293' title='bbox 2467 3745 2768 3828; x_wconf 82' lang='lat' dir='ltr'><strong>impetres,</strong></span> 
     </span>
     <span class='ocr_line' id='line_1_34' title="bbox 460 3843 2768 3934; baseline -0 -26"><span class='ocrx_word' id='word_1_294' title='bbox 460 3843 634 3928; x_wconf 91' lang='lat' dir='ltr'><strong>quod</strong></span> <span class='ocrx_word' id='word_1_295' title='bbox 681 3843 735 3910; x_wconf 90' lang='lat' dir='ltr'><strong>si</strong></span> <span class='ocrx_word' id='word_1_296' title='bbox 784 3843 1127 3914; x_wconf 84' lang='lat' dir='ltr'><strong>offerretur</strong></span> <span class='ocrx_word' id='word_1_297' title='bbox 1174 3849 1369 3914; x_wconf 88' lang='lat' dir='ltr'><strong>etiam</strong></span> <span class='ocrx_word' id='word_1_298' title='bbox 1416 3870 1499 3914; x_wconf 88' lang='lat' dir='ltr'><strong>an</strong></span> <span class='ocrx_word' id='word_1_299' title='bbox 1535 3850 1858 3934; x_wconf 82' lang='lat' dir='ltr'><strong>accipere</strong></span> <span class='ocrx_word' id='word_1_300' title='bbox 1905 3849 2120 3930; x_wconf 89' lang='lat' dir='ltr'><strong>velles,</strong></span> <span class='ocrx_word' id='word_1_301' title='bbox 2184 3849 2488 3915; x_wconf 89' lang='lat' dir='ltr'><strong>dubitare</strong></span> <span class='ocrx_word' id='word_1_302' title='bbox 2537 3847 2768 3918; x_wconf 78' lang='lat' dir='ltr'><strong>debeaS,</strong></span> 
     </span>
     <span class='ocr_line' id='line_1_35' title="bbox 464 3951 2769 4041; baseline 0 -27"><span class='ocrx_word' id='word_1_303' title='bbox 464 3956 532 4014; x_wconf 89' lang='lat' dir='ltr'><strong>et</strong></span> <span class='ocrx_word' id='word_1_304' title='bbox 577 3951 751 4034; x_wconf 89' lang='lat' dir='ltr'><strong>quod</strong></span> <span class='ocrx_word' id='word_1_305' title='bbox 800 3952 1056 4020; x_wconf 88' lang='lat' dir='ltr'><strong>etiamsi</strong></span> <span class='ocrx_word' id='word_1_306' title='bbox 1103 3960 1421 4040; x_wconf 87' lang='lat' dir='ltr'><strong>perpetuo</strong></span> <span class='ocrx_word' id='word_1_307' title='bbox 1468 3953 1754 4020; x_wconf 87' lang='lat' dir='ltr'><strong>aduleris</strong></span> <span class='ocrx_word' id='word_1_308' title='bbox 1801 3954 2021 4041; x_wconf 87' lang='lat' dir='ltr'><strong>(modo</strong></span> <span class='ocrx_word' id='word_1_309' title='bbox 2069 3963 2245 4020; x_wconf 90' lang='lat' dir='ltr'><strong>certe</strong></span> <span class='ocrx_word' id='word_1_310' title='bbox 2293 3957 2438 4021; x_wconf 88' lang='lat' dir='ltr'><strong>novi</strong></span> <span class='ocrx_word' id='word_1_311' title='bbox 2485 3953 2663 4034; x_wconf 88' lang='lat' dir='ltr'><strong>istos)</strong></span> <span class='ocrx_word' id='word_1_312' title='bbox 2691 3957 2769 4014; x_wconf 86' lang='lat' dir='ltr'><strong>ta·</strong></span> 
     </span>
     <span class='ocr_line' id='line_1_36' title="bbox 458 4058 1173 4126; baseline 0.008 -8"><span class='ocrx_word' id='word_1_313' title='bbox 458 4075 609 4119; x_wconf 90' lang='lat' dir='ltr'><strong>men</strong></span> <span class='ocrx_word' id='word_1_314' title='bbox 655 4076 782 4121; x_wconf 89' lang='lat' dir='ltr'><strong>non</strong></span> <span class='ocrx_word' id='word_1_315' title='bbox 831 4058 1173 4126; x_wconf 90' lang='lat' dir='ltr'><strong>obtinebis.</strong></span> 
     </span>
    </p>

    <p class='ocr_par' dir='ltr' id='par_1_7' title="bbox 453 4160 2765 4572">
     <span class='ocr_line' id='line_1_37' title="bbox 637 4160 2765 4251; baseline -0.001 -25"><span class='ocrx_word' id='word_1_316' title='bbox 637 4160 740 4226; x_wconf 90' lang='lat' dir='ltr'><strong>Sic</strong></span> <span class='ocrx_word' id='word_1_317' title='bbox 788 4163 838 4228; x_wconf 91' lang='lat' dir='ltr'>F</span> <span class='ocrx_word' id='word_1_318' title='bbox 839 4166 1114 4230; x_wconf 88' lang='lat' dir='ltr'><strong>rancisci</strong></span> <span class='ocrx_word' id='word_1_319' title='bbox 1175 4187 1295 4251; x_wconf 91' lang='lat' dir='ltr'><strong>ope</strong></span> <span class='ocrx_word' id='word_1_320' title='bbox 1357 4165 1608 4232; x_wconf 89' lang='lat' dir='ltr'><strong>diffisus</strong></span> <span class='ocrx_word' id='word_1_321' title='bbox 1673 4167 1769 4231; x_wconf 80' lang='lat' dir='ltr'><strong>es!</strong></span> <span class='ocrx_word' id='word_1_322' title='bbox 1834 4166 1938 4231; x_wconf 86' lang='lat' dir='ltr'><strong>Sic</strong></span> <span class='ocrx_word' id='word_1_323' title='bbox 1985 4165 2303 4232; x_wconf 90' lang='lat' dir='ltr'><strong>bonorum</strong></span> <span class='ocrx_word' id='word_1_324' title='bbox 2351 4166 2625 4232; x_wconf 90' lang='lat' dir='ltr'><strong>omnium</strong></span> <span class='ocrx_word' id='word_1_325' title='bbox 2665 4180 2765 4245; x_wconf 90' lang='lat' dir='ltr'><strong>pro</strong></span> 
     </span>
     <span class='ocr_line' id='line_1_38' title="bbox 455 4265 2762 4356; baseline 0.004 -28"><span class='ocrx_word' id='word_1_326' title='bbox 455 4270 524 4330; x_wconf 91' lang='lat' dir='ltr'><strong>te</strong></span> <span class='ocrx_word' id='word_1_327' title='bbox 585 4286 744 4332; x_wconf 87' lang='lat' dir='ltr'><strong>cura</strong></span> <span class='ocrx_word' id='word_1_328' title='bbox 808 4267 1200 4353; x_wconf 86' lang='lat' dir='ltr'><strong>desperasti!</strong></span> <span class='ocrx_word' id='word_1_329' title='bbox 1247 4271 1471 4354; x_wconf 87' lang='lat' dir='ltr'><strong>Neque</strong></span> <span class='ocrx_word' id='word_1_330' title='bbox 1520 4271 1574 4336; x_wconf 90' lang='lat' dir='ltr'><strong>si</strong></span> <span class='ocrx_word' id='word_1_331' title='bbox 1640 4278 1711 4336; x_wconf 88' lang='lat' dir='ltr'><strong>tu</strong></span> <span class='ocrx_word' id='word_1_332' title='bbox 1773 4272 1992 4336; x_wconf 87' lang='lat' dir='ltr'><strong>anima</strong></span> <span class='ocrx_word' id='word_1_333' title='bbox 2048 4277 2115 4336; x_wconf 86' lang='lat' dir='ltr'><strong>et</strong></span> <span class='ocrx_word' id='word_1_334' title='bbox 2160 4272 2468 4356; x_wconf 85' lang='lat' dir='ltr'><strong>sanguine</strong></span> <span class='ocrx_word' id='word_1_335' title='bbox 2515 4265 2762 4338; x_wconf 66' lang='lat' dir='ltr'><strong>deficias,</strong></span> 
     </span>
     <span class='ocr_line' id='line_1_39' title="bbox 453 4369 2760 4457; baseline -0 -24"><span class='ocrx_word' id='word_1_336' title='bbox 453 4369 643 4434; x_wconf 86' lang='lat' dir='ltr'><strong>nobis</strong></span> <span class='ocrx_word' id='word_1_337' title='bbox 688 4380 863 4437; x_wconf 88' lang='lat' dir='ltr'><strong>esset</strong></span> <span class='ocrx_word' id='word_1_338' title='bbox 910 4381 1226 4457; x_wconf 89' lang='lat' dir='ltr'><strong>quantum</strong></span> <span class='ocrx_word' id='word_1_339' title='bbox 1286 4379 1446 4442; x_wconf 90' lang='lat' dir='ltr'><strong>satis</strong></span> <span class='ocrx_word' id='word_1_340' title='bbox 1513 4377 1712 4444; x_wconf 84' lang='lat' dir='ltr'><strong>fuerit</strong></span> <span class='ocrx_word' id='word_1_341' title='bbox 1753 4376 1839 4441; x_wconf 87' lang='lat' dir='ltr'><strong>ad</strong></span> <span class='ocrx_word' id='word_1_342' title='bbox 1887 4382 1952 4440; x_wconf 88' lang='lat' dir='ltr'><strong>te</strong></span> <span class='ocrx_word' id='word_1_343' title='bbox 2001 4375 2388 4442; x_wconf 87' lang='lat' dir='ltr'><strong>servandum</strong></span> <span class='ocrx_word' id='word_1_344' title='bbox 2435 4373 2760 4441; x_wconf 79' lang='lat' dir='ltr'><strong>arbit—ratus</strong></span> 
     </span>
     <span class='ocr_line' id='line_1_40' title="bbox 457 4473 2760 4572; baseline 0 -32"><span class='ocrx_word' id='word_1_345' title='bbox 457 4491 545 4541; x_wconf 83' lang='lat' dir='ltr'><strong>es.</strong></span> <span class='ocrx_word' id='word_1_346' title='bbox 638 4473 849 4540; x_wconf 88' lang='lat' dir='ltr'><strong>Pudet</strong></span> <span class='ocrx_word' id='word_1_347' title='bbox 894 4498 995 4542; x_wconf 91' lang='lat' dir='ltr'><strong>me</strong></span> <span class='ocrx_word' id='word_1_348' title='bbox 1044 4478 1216 4566; x_wconf 92' lang='lat' dir='ltr'><strong>quod</strong></span> <span class='ocrx_word' id='word_1_349' title='bbox 1266 4481 1469 4550; x_wconf 83' lang='lat' dir='ltr'><strong>multa</strong></span> <span class='ocrx_word' id='word_1_350' title='bbox 1513 4482 1906 4572; x_wconf 85' lang='lat' dir='ltr'><strong>scripserim,</strong></span> <span class='ocrx_word' id='word_1_351' title='bbox 1953 4479 2161 4552; x_wconf 80' lang='lat' dir='ltr'><strong>multa</strong></span> <span class='ocrx_word' id='word_1_352' title='bbox 2203 4479 2482 4562; x_wconf 79' lang='lat' dir='ltr'><strong>fecerim,</strong></span> <span class='ocrx_word' id='word_1_353' title='bbox 2528 4497 2664 4545; x_wconf 80' lang='lat' dir='ltr'><strong>cum</strong></span> <span class='ocrx_word' id='word_1_354' title='bbox 2701 4477 2760 4541; x_wconf 84' lang='lat' dir='ltr'><strong>tu</strong></span> 
     </span>
    </p>
   </div>
   <div class='ocr_carea' id='block_1_6' title="bbox 2919 2536 2922 3148">
    <p class='ocr_par' dir='ltr' id='par_1_8' title="bbox 2919 2536 2922 3148">
     <span class='ocr_line' id='line_1_41' title="bbox 2919 2536 2922 3148; baseline 0 0"><span class='ocrx_word' id='word_1_355' title='bbox 2919 2536 2922 3148; x_wconf 95' lang='lat' dir='ltr'><strong> </strong></span> 
     </span>
    </p>
   </div>
  </div>
 </body>
</html>
