2950 5042
1580 413 1709 480 358

464 637 567 684 me
612 613 993 682 commenda
1036 633 1182 678 cum
1230 608 1528 677 omnibus
1578 606 1786 674 nostri
1838 604 2210 672 amantibus
2245 607 2287 670 ¹.
2363 605 2770 691 stuttgardie,

462 721 676 807 pridie
724 719 819 786 Id.
871 715 1301 803 Septembris,
1348 736 1518 781 anno
1571 718 1758 779 1519.

1291 821 1329 886 J
1335 818 1438 886 oh.
1487 818 1826 896 Reuchlin‚
1874 815 2256 884 Phoroensis
2300 815 2426 882 LL.
2471 816 2699 881 doctor.

646 932 1021 998 Handschrist
1096 931 1198 992 des
1244 931 1465 991 Berner
1517 929 1925 989 staatsarchivs
1967 927 2244 1001 Epistoloe
2289 927 2464 986 variae
2504 926 2660 986 XVII
2689 923 2771 988 fol.

478 1047 556 1104 4‘1
614 1041 694 1118 fg.

1450 1177 1845 1247 CCLXXXb.

612 1274 894 1340 stuttgart.
2302 1268 2361 1314 12
2405 1265 2546 1330 Sept.
2589 1265 2720 1314 1519.

476 1377 801 1478 Georgio
830 1376 1223 1478 Spalatino
1261 1372 1760 1449 literatissimo
1799 1370 1958 1445 viro
1998 1370 2237 1445 amico
2271 1396 2407 1443 suo
2438 1369 2768 1471 ptaecipuo

1315 1493 1519 1602 [Joh.
1561 1491 1980 1596 Reuchlin].

653 1663 715 1730 S.
763 1663 823 1729 d.
870 1686 931 1749 p.
1025 1662 1373 1744 obsideor,
1436 1658 1802 1746 Spalatine,
1863 1677 1990 1724 non
2045 1663 2302 1725 tantum
2359 1657 2448 1724 ab
2506 1656 2780 1734 hostibuS,

476 1787 699 1837 verum
757 1768 953 1835 etiam
1016 1789 1058 1832 a
1102 1767 1349 1834 civibus
1410 1764 1802 1853 quibusdam
1851 1764 2092 1830 nostris
2137 1762 2374 1849 quibus
2425 1763 2628 1830 omnis
2667 1782 2783 1826 con-

478 1895 662 1942 cessa
723 1880 823 1941 est
883 1874 1166 1940 licentia.
1258 1874 1345 1939 Et
1403 1892 1775 1958 quanquam
1835 1870 1959 1936 hoc
2015 1867 2173 1934 belli
2234 1878 2534 1954 tempore
2591 1867 2783 1933 unicus

476 2001 618 2047 sum
665 1979 878 2046 locum
926 1979 1177 2044 tenenti
1222 1979 1475 2045 vinctus
1523 1977 1885 2044 consularis
1933 1975 2241 2061 quoniam
2274 1974 2388 2040 alii
2429 1995 2558 2042 uon
2601 1979 2736 2040 sunt
2751 1972 2780 2050 ²,

479 2091 699 2152 tamen
757 2104 909 2168 ergo
959 2082 987 2123 ⁸
1042 2104 1146 2150 me
1206 2089 1469 2168 oportet
1525 2082 1950 2150 oculatiorem
2013 2101 2154 2148 esse
2197 2101 2276 2146 ac
2321 2080 2662 2148 levissimis
2700 2079 2788 2143 ho-

479 2188 762 2256 minibus
825 2190 1184 2256 connivere.
1277 2189 1503 2274 Nuper
1566 2188 1730 2272 elegi
1791 2209 1870 2254 ex
1933 2186 2170 2253 libellis
2230 2187 2390 2252 meis
2459 2185 2788 2252 rarissimos

482 2316 644 2383 quos
689 2294 775 2362 ad
823 2315 1115 2361 sororem
1154 2295 1181 2334 ⁴
1230 2295 1457 2362 devehi
1505 2294 1851 2360 voluissem
1898 2313 2140 2378 graecos
2187 2300 2254 2359 et
2299 2292 2614 2372 liebraeoS‚
2656 2311 2791 2375 quos

476 2400 806 2468 transmisi
882 2402 1235 2468 autoritate
1316 2401 1814 2467 locumtenentis
1889 2399 2278 2484 interposita
2351 2421 2504 2466 cum
2587 2397 2792 2464 securi-

476 2513 615 2573 tate
661 2505 944 2591 sigillata
1000 2505 1185 2573 ducis
1246 2507 1451 2572 nostri
1502 2513 1568 2572 et
1613 2504 2090 2590 subscriptione
2137 2504 2450 2589 praefecti.
2546 2503 2668 2570 Sed
2707 2523 2794 2566 ne-

476 2611 749 2678 bulones
810 2611 1121 2692 civitatis,
1192 2611 1486 2678 homiues
1550 2611 1824 2680 banausi
1891 2611 2274 2696 quadrigam
2331 2611 2612 2678 eandem
2673 2629 2795 2675 cum

476 2716 663 2784 libris
708 2717 1111 2785 reduxerunt
1156 2739 1303 2784 cum
1347 2739 1580 2801 magno
1629 2716 1939 2798 tumultu,
1994 2723 2070 2784 ut
2112 2737 2231 2783 nec
2277 2717 2617 2802 majoritas
2659 2735 2794 2780 ausa-

478 2821 695 2888 fuerat
726 2820 752 2862 ⁵
798 2823 1122 2894 resistere.
1215 2823 1423 2908 Igitur
1483 2824 1932 2908 expectandus
1995 2829 2095 2888 est
2139 2822 2502 2890 Mavortius
2546 2821 2702 2908 ignis
2743 2826 2796 2884 ct

478 2927 1060 2996 commiserandum
1107 2935 1211 2996 tot
1254 2931 1421 2996 raris
1470 2935 1538 2994 et
1581 2930 1818 3013 ignotis
1863 2928 2050 2995 libris
2089 2929 2334 3014 quibus
2377 2928 2681 2996 bellicum
2720 2926 2793 2990 in·

480 3034 776 3101 cendium
822 3034 1115 3101 imminet
1154 3035 1199 3096 ⁶.
1278 3035 1334 3100 N
1340 3057 1420 3100 on
1470 3035 1626 3101 mihi
1673 3037 1844 3102 tanti
1889 3036 2087 3102 fuerit
2133 3042 2484 3120 expectare
2529 3041 2796 3102 mortem.

658 3138 881 3206 Scribe
936 3139 1137 3226 igitur
1192 3139 1634 3208 illustrissimo
1698 3141 1956 3208 domino
2011 3148 2234 3208 nostro
2283 3141 2614 3208 Saxonum
2671 3137 2795 3204 duci

478 3244 810 3311 Friderico
854 3246 1208 3313 autoritate
1257 3269 1403 3314 mea
1437 3249 1479 3330 ⁷,
1528 3255 1603 3315 ut
1649 3250 2044 3316 misereatur
2082 3246 2362 3332 junioris
2409 3247 2595 3313 ducis
2641 3244 2797 3312 Chri-

481 3349 772 3436 stophori
828 3353 1084 3438 cognati
1140 3355 1275 3434 sui,
1339 3355 1731 3421 misereatur
1784 3353 2008 3441 populi
2054 3352 2648 3438 Wirtenbergensis
2705 3349 2795 3437 qui

1631 3493 1666 3530 2

480 3569 781 3638 abgeueigt,
830 3571 921 3624 der
966 3589 1023 3624 er
1068 3579 1255 3641 spater
1297 3574 1537 3626 ziemlicb
1574 3574 1776 3626 echi-off
1805 3579 2186 3642 entgegentrat.
2262 3575 2380 3642 Vgl.
2419 3576 2652 3627 Huttens
2685 3571 2800 3625 brief

482 3659 615 3710 oben
660 3674 775 3710 nro.
800 3658 1070 3712 ccxclx.
1131 3662 1333 3714 Gerade
1356 3661 1540 3714 darum
1571 3663 1642 3714 ist
1665 3662 1832 3714 dieser
1867 3660 2004 3730 gruss
2028 3662 2310 3714 besonders
2329 3661 2794 3715 bemerkenswerth.

630 3752 650 3796 1
696 3747 947 3800 Bedentet
997 3749 1288 3800 natiirlichz
1346 3747 1514 3818 griisse
1573 3747 1856 3802 ausserdem
1899 3751 2070 3802 moine
2117 3751 2358 3818 dortigen
2411 3751 2655 3811 freunde,
2703 3748 2795 3801 und

478 3835 652 3886 nichtz
716 3836 885 3888 meino
933 3836 1171 3904 hiesigen
1224 3838 1442 3889 frcunde
1498 3837 1671 3889 lusson
1725 3838 1927 3890 Lutber
1994 3835 2213 3904 griissen.
2363 3845 2390 3889 2
2443 3839 2547 3890 Die
2593 3839 2794 3890 anderen

478 3938 654 3974 waren
702 3924 1135 3977 wahrscheiulich
1182 3926 1437 3992 geflohen.
1517 3927 1642 3977 Man
1695 3926 1803 3993 vgl.
1849 3926 1931 3976 die
1975 3926 2232 3978 Reuchlin
2270 3944 2311 3977 s.
2352 3930 2453 3978 460
2493 3945 2541 3978 a.
2583 3933 2612 3978 2
2658 3941 2795 3992 ange·

476 4011 691 4063 fuhrten
728 4012 931 4065 stellen.
1074 4017 1103 4065 3
1143 4011 1225 4064 Afl
1264 4014 1411 4081 drgo.
1493 4016 1601 4065 Aus
1640 4015 1807 4067 einem
1846 4014 2282 4082 urspriinglichen
2321 4016 2355 4065 d
2391 4015 2600 4067 scheint
2633 4015 2686 4064 in
2717 4014 2794 4063 der

477 4098 809 4153 handscbrift
844 4101 931 4152 ein
968 4119 997 4153 e
1031 4102 1276 4169 gemacht
1311 4102 1523 4154 worden
1572 4118 1638 4153 zu
1689 4104 1818 4155 sein.
1966 4107 2000 4152 4
2036 4104 2098 4153 In
2136 4103 2430 4154 Psorzheim
2443 4141 2456 4166 ,
2509 4103 2594 4154 die
2638 4115 2792 4168 gross-

476 4193 673 4238 mntter
716 4187 1136 4240 Melanchthons.
1220 4190 1330 4242 Fur
1386 4190 1564 4242 diesen
1613 4191 2082 4259 buchertransport
2129 4192 2233 4259 vgl.
2287 4191 2422 4242 auch
2469 4191 2652 4257 voi-ige
2695 4203 2793 4238 nro.

478 4275 509 4324 5
562 4275 635 4326 So
684 4275 769 4326 die
819 4276 1165 4328 baudachrift.
1238 4278 1324 4330 Ob
1374 4278 1463 4330 der
1513 4279 1846 4332 abschreiber
1895 4280 2036 4332 diese
2083 4280 2249 4330 fehler
2284 4278 2614 4330 verschuldet
2627 4315 2640 4340 ,
2687 4273 2794 4326 oder

478 4361 733 4416 Reucblin
772 4362 827 4414 iu
863 4365 1033 4416 seiner
1067 4365 1166 4417 eile
1200 4365 1311 4418 und
1346 4369 1644 4436 aufregung
1681 4368 1764 4420 die
1802 4369 1980 4436 regeln
2017 4367 2106 4418 der
2131 4367 2471 4419 lateinischen
2494 4361 2792 4434 grammatik

478 4448 895 4518 vernacblnssi’gt
935 4451 1043 4515 het,
1082 4452 1250 4504 bleibe
1285 4453 1678 4522 dahingestellt.
1790 4461 1820 4508 6
1858 4457 1958 4508 Die
1994 4455 2330 4508 handsebrift
2365 4455 2477 4506 hat:
2517 4451 2790 4504 imminent.

468 4537 509 4582 -7
549 4533 649 4585 Die
682 4535 1014 4590 handschrift
1048 4539 1139 4592 het
1176 4542 1375 4594 Autore
1410 4557 1538 4594 mee.
