2950 5042
1310 430 1435 498 149

1205 618 1548 689 CXXXIV.

342 708 499 761 canu.
2001 714 2032 761 2
2070 711 2278 763 sanun·
2321 714 2474 765 1512.

206 795 282 869 F.
306 793 696 873 Com-adus
724 794 993 871 Kollin
1026 794 1119 871 de
1142 796 1391 893 Ulma,
1420 796 1820 897 theologiae
1840 796 2230 898 professor,
2262 800 2542 877 ordinis

205 918 810 1013 Praedicatorum,
842 918 1135 1017 egregio
1162 919 1658 1021 imperialium
1685 919 1937 1019 legum
1956 918 2239 996 doctori
2257 921 2311 997 J
2312 922 2544 998 oanni

204 1039 568 1115 Reuchlin
632 1039 1043 1116 Sueuorum
1096 1038 1760 1117 Confoederationis
1831 1042 2249 1143 aequissimo
2302 1044 2543 1145 judici

204 1141 367 1239 cum
462 1162 1107 1239 commendatione
1193 1164 1510 1241 salutem
1597 1165 1999 1267 plurimam
2088 1178 2162 1243 et
2249 1192 2528 1245 annum

1170 1284 1498 1363 foelicem
1524 1286 1572 1363 ¹.

374 1478 751 1545 Clarissime
782 1479 1039 1547 domine
1070 1478 1315 1561 doctor,
1360 1476 1566 1544 mittit
1608 1476 1885 1545 facultas
1916 1482 2144 1549 nostra
2171 1482 2534 1569 theologica

204 1582 625 1665 coloniensis,
658 1605 799 1670 quae
831 1582 1251 1651 emendandas
1287 1581 2112 1668 videntur-propositiones,
2167 1594 2326 1675 quas
2357 1594 2528 1656 trac-

204 1694 375 1755 tatus
448 1694 667 1756 vester
726 1689 1033 1771 continet,
1092 1693 1440 1775 optatque,
1495 1692 1572 1753 ut
1615 1708 1812 1772 super
1859 1692 2304 1760 emendatione
2366 1694 2534 1778 ejus-

203 1792 372 1859 modi
419 1793 936 1879 propositionum
998 1794 1383 1881 quantocius
1430 1798 1713 1858 mentem
1758 1798 2042 1861 vestram
2087 1797 2300 1865 eidem
2345 1797 2538 1883 signi-

200 1897 423 1964 ficetis.
518 1899 827 1984 Arguitur
873 1921 1127 1986 nanque
1174 1898 1594 1984 negligentiae,
1659 1898 1814 1983 quia
1860 1920 1986 1965 non
2033 1901 2200 1986 agit,
2259 1907 2333 1968 ut
2379 1923 2521 1987 quae

203 2002 481 2088 plurimo
545 2004 851 2071 scandalo
898 2011 1079 2085 sunt,
1142 2003 1569 2072 emendentur
1614 2008 1735 2069 etc.
1827 2002 2219 2072 charissime
2266 2004 2523 2072 domine

201 2107 445 2188 doctor,
491 2128 623 2173 non
666 2108 911 2190 dubito,
959 2109 1328 2176 Dominatio
1374 2112 1596 2174 vestra
1641 2106 1924 2175 confidat
1967 2107 2036 2174 in
2093 2130 2198 2175 me
2245 2114 2320 2175 ut
2363 2110 2523 2175 ami-

202 2234 341 2279 cum
406 2218 475 2278 et
527 2212 820 2297 profecto
876 2215 1067 2281 amici
1112 2235 1343 2281 munus
1399 2210 1654 2279 effecise
1701 2217 1768 2278 et
1812 2211 2029 2279 facere
2085 2234 2188 2279 me
2235 2214 2524 2282 arbitror

204 2324 267 2385 et
308 2324 385 2385 ut
431 2318 677 2385 amicus
724 2319 989 2385 consulo
1036 2318 1332 2385 fideliter.
1404 2318 1532 2384 Res
1571 2317 1638 2382 in
1671 2338 1747 2383 eo
1779 2322 1960 2383 statu
1993 2318 2136 2385 esti
2174 2317 2531 2387 Effeceram

208 2444 340 2507 ege,
386 2429 463 2489 ut
505 2421 787 2491 facultas
819 2424 1011 2491 ‚dicta
1056 2424 1239 2491 vobis
1283 2422 1534 2509 pariter
1580 2442 1726 2488 cum
1769 2422 2320 2507 propositionibus
2374 2426 2535 2492 scri·

210 2527 393 2595 beret
460 2548 685 2594 earum
753 2528 1105 2609 defectum,
1183 2528 1465 2615 qualiter
1535 2526 1733 2593 etiam
1797 2526 2210 2595 emendandae
2281 2536 2528 2611 essent3

198 2630 723 2718 'supervenerunt
781 2633 930 2699 hinc
996 2632 1148 2699 inde
1206 2634 1455 2717 scripta
1520 2653 1660 2718 quae
1715 2637 2067 2699 tractatum
2127 2632 2312 2698 illum
2375 2654 2518 2718 gra-

208 2738 373 2805 viter
427 2742 773 2817 accusant,
828 2737 1017 2804 simul
1066 2744 1133 2803 et
1175 2737 1556 2805 facultatem
1600 2737 1840 2823 ipsam,
1888 2737 2041 2822 quia
2084 2744 2211 2801 non
2258 2736 2534 2803 celerius

209 2850 436 2911 contra
483 2840 1031 2909 Dominationem”
1063 2849 1346 2909 vestram
1402 2842 1716 2927 procedat
1775 2847 1972 2927 atque
2028 2839 2267 2907 librum
2309 2840 2526 2925 ipsum

208 2948 608 3013 condemnet.
701 2948 945 3027 Quibus
989 2954 1290 3034 permota
1332 2946 1610 3014 facultas
1653 2948 1797 3033 ipsa
1843 2945 2199 3012 consultius
2259 2944 2398 3011 fore
2436 2946 2545 3033 ju-

209 3054 466 3134 dicavit,
532 3054 588 3119 si
631 3053 1107 3138 propositiones
1169 3053 1325 3140 ipsae
1383 3053 1595 3139 primo
1643 3050 2080 3118 Dominationi
2141 3056 2374 3117 vestrae
2432 3072 2541 3119 ex-

208 3158 572 3226 hibeantur.
666 3160 953 3226 Possetis
997 3180 1273 3244 nanque,
1319 3163 1417 3251 ut‘
1438 3158 1650 3242 ajunt,
1698 3156 1863 3223 velle
1924 3156 2288 3241 protervire
2343 3162 2543 3242 atque

210 3264 679 3329 contumaciter
725 3285 869 3348 quae
938 3262 1289 3349 scripsistis
1336 3261 1695 3341 defensare,
1754 3281 1884 3347 quo
1940 3259 2157 3342 fieret,
2213 3267 2288 3328 ut
2351 3261 2546 3328 aliter

208 3369 563 3453 procedere
609 3375 960 3452 oporteret.
1051 3368 1143 3435 Ut
1188 3388 1338 3452 ergo
1385 3366 1665 3433 facultas
1709 3366 1853 3449 ipsa
1896 3386 2023 3433 non
2069 3364 2368 3432 videatur
2395 3388 2546 3452 par-

210 3474 379 3541 tialis
413 3479 615 3558 atque
646 3473 829 3540 vobis
860 3471 1207 3554 colludere,
1238 3472 1443 3539 voluit
1472 3472 1683 3557 primo
1717 3470 2022 3537 exhibere
2045 3469 2541 3556 propositiones,

219 3600 489 3664 sperans
554 3577 641 3643 ad
698 3600 908 3644 meam
966 3578 1403 3665 sponsionem,
1465 3576 1640 3663 quod
1697 3582 1776 3642 ut>
1815 3576 2021 3641 virum
2068 3574 2306 3641 bonum
2364 3573 2554 3641 decet

214 3706 335 3750 non
398 3683 792 3750 recusabitis
847 3705 991 3765 vos,
1036 3685 1230 3749 immo
1277 3683 1483 3767 magis
1529 3679 2004 3767 propositiones
2050 3683 2117 3744 et
2163 3676 2345 3745 dicta
2391 3678 2542 3745 sub-

217 3791 473 3857 mittere
540 3790 929 3855 correctioni
1008 3788 1375 3871 facultatis,
1454 3808 1598 3874 quae
1669 3806 1748 3852 ex
1811 3791 1963 3871 post
2030 3782 2550 3850 Dominationem

219 3901 495 3961 vestram
541 3894 731 3978 plene
777 3893 1174 3975 informabit,
1218 3894 1284 3959 in
1332 3915 1459 3978 quo
1508 3892 1688 3957 dicta
1748 3888 1969 3974 aliqua
2031 3886 2354 3953 deficiant.
2445 3887 2550 3953 In-

219 3998 671 4065 formationem
720 4020 975 4084 quoque
1024 3999 1210 4066 dabit
1255 3998 1434 4065 salvo
1480 3997 1726 4065 honore
1776 3999 1856 4061 ea
1909 3992 2313 4061 emendandi.
2404 3991 2552 4057 Non

226 4110 321 4170 est
362 4104 642 4171 facultas
688 4103 775 4169 ad
822 4103 1261 4171 confusionem
1308 4101 1778 4169 Dominationis
1823 4103 2076 4179 vestrae,
2143 4095 2260 4163 sed
2305 4096 2392 4163 ad
2423 4096 2548 4163 sal-

225 4208 495 4277 vandum
548 4207 861 4274 honorem
916 4230 1155 4294 prona,
1202 4230 1349 4275 cum
1394 4213 1498 4275 tot
1540 4229 1659 4295 per
1704 4226 1807 4271 me
1852 4203 2215 4291 percipiant
2261 4201 2553 4287 egregias

230 4312 691 4381 Dominationis
738 4318 968 4379 vestrae
1010 4313 1279 4381 laudes.'
1307 4311 1679 4381 Dominatio
1726 4314 1946 4398 vestra
1987 4309 2056 4374 in
2096 4307 2218 4375 hoc
2251 4316 2366 4375 oro
2399 4328 2548 4394 sup-

1366 4466 1399 4507 ιιι

374 4554 395 4603 1
434 4550 585 4603 Ohne
619 4552 905 4610 ausschrift
945 4554 995 4603 2.
