<?xml version="1.0" encoding="UTF-8"?>
<!DOCTYPE html PUBLIC "-//W3C//DTD XHTML 1.0 Transitional//EN"
    "http://www.w3.org/TR/xhtml1/DTD/xhtml1-transitional.dtd">
<html xmlns="http://www.w3.org/1999/xhtml" xml:lang="en" lang="en">
 <head>
  <title>
</title>
<meta http-equiv="Content-Type" content="text/html;charset=utf-8" />
  <meta name='ocr-system' content='tesseract 3.04.00' />
  <meta name='ocr-capabilities' content='ocr_page ocr_carea ocr_par ocr_line ocrx_word'/>
</head>
<body>
  <div class='ocr_page' id='page_1' title='image "./johannreuchlins00geiggoog/johannreuchlins00geiggoog_0156.png"; bbox 0 0 2950 5042; ppageno 0'>
   <div class='ocr_carea' id='block_1_1' title="bbox 1487 383 1616 450">
    <p class='ocr_par' dir='ltr' id='par_1_1' title="bbox 1487 383 1616 450">
     <span class='ocr_line' id='line_1_1' title="bbox 1487 383 1616 450; baseline 0.008 -1"><span class='ocrx_word' id='word_1_1' title='bbox 1487 383 1616 450; x_wconf 87' lang='grc'>146</span> 
     </span>
    </p>
   </div>
   <div class='ocr_carea' id='block_1_2' title="bbox 526 572 2654 727">
    <p class='ocr_par' dir='ltr' id='par_1_2' title="bbox 526 572 2654 727">
     <span class='ocr_line' id='line_1_2' title="bbox 1374 572 1730 641; baseline -0.003 -1"><span class='ocrx_word' id='word_1_2' title='bbox 1374 572 1730 641; x_wconf 85' lang='lat' dir='ltr'>CXXXIII.</span> 
     </span>
     <span class='ocr_line' id='line_1_3' title="bbox 526 670 2654 727; baseline 0 -2"><span class='ocrx_word' id='word_1_3' title='bbox 526 670 677 725; x_wconf 73' lang='lat' dir='ltr'>omn.</span> <span class='ocrx_word' id='word_1_4' title='bbox 2263 678 2294 727; x_wconf 77' lang='lat'><em>2</em></span> <span class='ocrx_word' id='word_1_5' title='bbox 2331 671 2454 725; x_wconf 65' lang='grc' dir='ltr'>σιω.</span> <span class='ocrx_word' id='word_1_6' title='bbox 2500 674 2654 725; x_wconf 70' lang='lat'>1512.</span> 
     </span>
    </p>
   </div>
   <div class='ocr_carea' id='block_1_3' title="bbox 373 792 2725 1387">
    <p class='ocr_par' dir='ltr' id='par_1_3' title="bbox 376 792 2723 895">
     <span class='ocr_line' id='line_1_4' title="bbox 376 792 2723 895; baseline 0 -26"><span class='ocrx_word' id='word_1_7' title='bbox 376 795 713 869; x_wconf 87' lang='lat' dir='ltr'>Decanus</span> <span class='ocrx_word' id='word_1_8' title='bbox 759 796 783 845; x_wconf 83' lang='lat'>¹</span> <span class='ocrx_word' id='word_1_9' title='bbox 838 793 1226 892; x_wconf 76' lang='lat' dir='ltr'>caeterique</span> <span class='ocrx_word' id='word_1_10' title='bbox 1266 792 1739 893; x_wconf 74' lang='lat' dir='ltr'>professores</span> <span class='ocrx_word' id='word_1_11' title='bbox 1804 794 2177 871; x_wconf 80' lang='lat' dir='ltr'><strong>facultatis</strong></span> <span class='ocrx_word' id='word_1_12' title='bbox 2251 795 2723 895; x_wconf 74' lang='lat' dir='ltr'>theologicae,</span> 
     </span>
    </p>

    <p class='ocr_par' dir='ltr' id='par_1_4' title="bbox 376 914 2725 1019">
     <span class='ocr_line' id='line_1_5' title="bbox 376 914 2725 1019; baseline 0 -27"><span class='ocrx_word' id='word_1_13' title='bbox 376 916 776 992; x_wconf 83' lang='lat' dir='ltr'>Generales</span> <span class='ocrx_word' id='word_1_14' title='bbox 831 916 1052 993; x_wconf 85' lang='lat' dir='ltr'>studii</span> <span class='ocrx_word' id='word_1_15' title='bbox 1089 914 1549 990; x_wconf 83' lang='lat' dir='ltr'>Coloniensis</span> <span class='ocrx_word' id='word_1_16' title='bbox 1587 918 2085 1019; x_wconf 84' lang='lat' dir='ltr'>imperialium</span> <span class='ocrx_word' id='word_1_17' title='bbox 2130 920 2382 1019; x_wconf 83' lang='lat' dir='ltr'>legum</span> <span class='ocrx_word' id='word_1_18' title='bbox 2432 918 2725 993; x_wconf 90' lang='lat' dir='ltr'>doctori</span> 
     </span>
    </p>

    <p class='ocr_par' dir='ltr' id='par_1_5' title="bbox 373 1038 2722 1139">
     <span class='ocr_line' id='line_1_6' title="bbox 373 1038 2722 1139; baseline -0 -23"><span class='ocrx_word' id='word_1_19' title='bbox 373 1040 539 1116; x_wconf 90' lang='lat' dir='ltr'>DN.</span> <span class='ocrx_word' id='word_1_20' title='bbox 581 1038 1291 1116; x_wconf 79' lang='lat' dir='ltr'>JohanniReuchlin</span> <span class='ocrx_word' id='word_1_21' title='bbox 1314 1038 1724 1115; x_wconf 82' lang='lat' dir='ltr'>Suevorum</span> <span class='ocrx_word' id='word_1_22' title='bbox 1751 1040 2417 1118; x_wconf 80' lang='lat' dir='ltr'>Confoederationis</span> <span class='ocrx_word' id='word_1_23' title='bbox 2432 1042 2485 1117; x_wconf 79' lang='lat' dir='ltr'><strong>J</strong></span> <span class='ocrx_word' id='word_1_24' title='bbox 2487 1040 2722 1139; x_wconf 77' lang='lat' dir='ltr'>adici,</span> 
     </span>
    </p>

    <p class='ocr_par' dir='ltr' id='par_1_6' title="bbox 374 1162 2725 1387">
     <span class='ocr_line' id='line_1_7' title="bbox 374 1162 2725 1266; baseline 0 -28"><span class='ocrx_word' id='word_1_25' title='bbox 374 1164 699 1238; x_wconf 89' lang='lat' dir='ltr'>moranti</span> <span class='ocrx_word' id='word_1_26' title='bbox 721 1162 1167 1263; x_wconf 83' lang='lat' dir='ltr'>Stutgardiae</span> <span class='ocrx_word' id='word_1_27' title='bbox 1206 1163 1348 1238; x_wconf 86' lang='lat' dir='ltr'>sibi</span> <span class='ocrx_word' id='word_1_28' title='bbox 1374 1164 1796 1239; x_wconf 88' lang='lat' dir='ltr'>venerando</span> <span class='ocrx_word' id='word_1_29' title='bbox 1825 1178 2046 1266; x_wconf 89' lang='lat' dir='ltr'>atque</span> <span class='ocrx_word' id='word_1_30' title='bbox 2076 1166 2347 1241; x_wconf 87' lang='lat' dir='ltr'>dilecto</span> <span class='ocrx_word' id='word_1_31' title='bbox 2379 1165 2725 1262; x_wconf 84' lang='lat' dir='ltr'>salutem,</span> 
     </span>
     <span class='ocr_line' id='line_1_8' title="bbox 821 1286 2255 1387; baseline 0.003 -26"><span class='ocrx_word' id='word_1_32' title='bbox 821 1299 894 1362; x_wconf 89' lang='lat' dir='ltr'>et</span> <span class='ocrx_word' id='word_1_33' title='bbox 946 1286 1289 1387; x_wconf 88' lang='lat' dir='ltr'>spiritum</span> <span class='ocrx_word' id='word_1_34' title='bbox 1340 1286 1856 1387; x_wconf 74' lang='lat' dir='ltr'>intelligentiae</span> <span class='ocrx_word' id='word_1_35' title='bbox 1911 1316 2197 1365; x_wconf 85' lang='lat' dir='ltr'>sanum.</span> <span class='ocrx_word' id='word_1_36' title='bbox 2226 1288 2255 1335; x_wconf 86' lang='lat'><strong>²</strong></span> 
     </span>
    </p>
   </div>
   <div class='ocr_carea' id='block_1_4' title="bbox 360 1496 2728 4009">
    <p class='ocr_par' dir='ltr' id='par_1_7' title="bbox 360 1496 2728 4009">
     <span class='ocr_line' id='line_1_9' title="bbox 556 1496 2727 1587; baseline 0.002 -24"><span class='ocrx_word' id='word_1_37' title='bbox 556 1497 709 1565; x_wconf 86' lang='lat' dir='ltr'>Fuit</span> <span class='ocrx_word' id='word_1_38' title='bbox 765 1496 985 1578; x_wconf 86' lang='lat' dir='ltr'>nobis,</span> <span class='ocrx_word' id='word_1_39' title='bbox 1044 1497 1419 1583; x_wconf 85' lang='lat' dir='ltr'>spectabilis</span> <span class='ocrx_word' id='word_1_40' title='bbox 1472 1522 1554 1567; x_wconf 87' lang='lat' dir='ltr'>ac</span> <span class='ocrx_word' id='word_1_41' title='bbox 1587 1500 1614 1539; x_wconf 83' lang='lat'><strong>⁸</strong></span> <span class='ocrx_word' id='word_1_42' title='bbox 1673 1498 1930 1587; x_wconf 85' lang='lat' dir='ltr'>egregie</span> <span class='ocrx_word' id='word_1_43' title='bbox 1988 1498 2114 1580; x_wconf 87' lang='lat' dir='ltr'>vir,</span> <span class='ocrx_word' id='word_1_44' title='bbox 2177 1506 2330 1584; x_wconf 81' lang='lat' dir='ltr'>post</span> <span class='ocrx_word' id='word_1_45' title='bbox 2387 1499 2727 1585; x_wconf 81' lang='lat' dir='ltr'>proximas</span> 
     </span>
     <span class='ocr_line' id='line_1_10' title="bbox 374 1601 2724 1692; baseline 0.002 -25"><span class='ocrx_word' id='word_1_46' title='bbox 374 1601 693 1669; x_wconf 83' lang='lat' dir='ltr'>nundinas</span> <span class='ocrx_word' id='word_1_47' title='bbox 740 1601 1330 1671; x_wconf 83' lang='lat' dir='ltr'>Franckfordenses</span> <span class='ocrx_word' id='word_1_48' title='bbox 1376 1604 1638 1673; x_wconf 88' lang='lat' dir='ltr'>oblatus</span> <span class='ocrx_word' id='word_1_49' title='bbox 1683 1604 1949 1692; x_wconf 89' lang='lat' dir='ltr'>quidam</span> <span class='ocrx_word' id='word_1_50' title='bbox 1996 1603 2303 1671; x_wconf 54' lang='lat' dir='ltr'>libellus*</span> <span class='ocrx_word' id='word_1_51' title='bbox 2349 1605 2474 1673; x_wconf 90' lang='lat' dir='ltr'>sub</span> <span class='ocrx_word' id='word_1_52' title='bbox 2522 1606 2724 1673; x_wconf 85' lang='lat' dir='ltr'>titulo</span> 
     </span>
     <span class='ocr_line' id='line_1_11' title="bbox 377 1708 2722 1797; baseline 0.002 -24"><span class='ocrx_word' id='word_1_53' title='bbox 377 1708 625 1793; x_wconf 80' lang='lat' dir='ltr'>speculi</span> <span class='ocrx_word' id='word_1_54' title='bbox 680 1708 961 1776; x_wconf 88' lang='lat' dir='ltr'>ocularis</span> <span class='ocrx_word' id='word_1_55' title='bbox 979 1757 996 1788; x_wconf 91' lang='lat'>‚</span> <span class='ocrx_word' id='word_1_56' title='bbox 1042 1718 1157 1775; x_wconf 91' lang='lat' dir='ltr'>tuo</span> <span class='ocrx_word' id='word_1_57' title='bbox 1202 1710 1446 1777; x_wconf 89' lang='lat' dir='ltr'>nomini</span> <span class='ocrx_word' id='word_1_58' title='bbox 1491 1710 1871 1797; x_wconf 85' lang='lat' dir='ltr'>inscriptus,</span> <span class='ocrx_word' id='word_1_59' title='bbox 1934 1730 2127 1795; x_wconf 87' lang='lat' dir='ltr'>quem</span> <span class='ocrx_word' id='word_1_60' title='bbox 2185 1709 2338 1776; x_wconf 90' lang='lat' dir='ltr'>dum</span> <span class='ocrx_word' id='word_1_61' title='bbox 2383 1709 2722 1777; x_wconf 83' lang='lat' dir='ltr'>nonnullis</span> 
     </span>
     <span class='ocr_line' id='line_1_12' title="bbox 374 1813 2726 1902; baseline 0.001 -24"><span class='ocrx_word' id='word_1_62' title='bbox 374 1835 455 1879; x_wconf 88' lang='lat' dir='ltr'>ex</span> <span class='ocrx_word' id='word_1_63' title='bbox 511 1814 775 1881; x_wconf 84' lang='lat' dir='ltr'>nostris.</span> <span class='ocrx_word' id='word_1_64' title='bbox 808 1813 1219 1881; x_wconf 80' lang='lat' dir='ltr'>revisendum</span> <span class='ocrx_word' id='word_1_65' title='bbox 1274 1816 1904 1902; x_wconf 80' lang='lat' dir='ltr'>examinandumque</span> <span class='ocrx_word' id='word_1_66' title='bbox 1969 1813 2498 1895; x_wconf 87' lang='lat' dir='ltr'>tradidissemus,</span> <span class='ocrx_word' id='word_1_67' title='bbox 2545 1837 2726 1883; x_wconf 89' lang='lat' dir='ltr'>com-</span> 
     </span>
     <span class='ocr_line' id='line_1_13' title="bbox 378 1918 2728 2007; baseline 0.002 -24"><span class='ocrx_word' id='word_1_68' title='bbox 378 1919 663 2002; x_wconf 85' lang='lat' dir='ltr'>perimus</span> <span class='ocrx_word' id='word_1_69' title='bbox 726 1918 795 1985; x_wconf 89' lang='lat' dir='ltr'>in</span> <span class='ocrx_word' id='word_1_70' title='bbox 840 1940 950 2000; x_wconf 88' lang='lat' dir='ltr'>eo,</span> <span class='ocrx_word' id='word_1_71' title='bbox 1014 1919 1189 2005; x_wconf 89' lang='lat' dir='ltr'>quod</span> <span class='ocrx_word' id='word_1_72' title='bbox 1242 1940 1453 2007; x_wconf 89' lang='lat' dir='ltr'>neque</span> <span class='ocrx_word' id='word_1_73' title='bbox 1511 1943 1598 1987; x_wconf 83' lang='lat' dir='ltr'>ex</span> <span class='ocrx_word' id='word_1_74' title='bbox 1650 1929 1748 2001; x_wconf 86' lang='lat' dir='ltr'>te,</span> <span class='ocrx_word' id='word_1_75' title='bbox 1806 1942 2018 2006; x_wconf 88' lang='lat' dir='ltr'>neque</span> <span class='ocrx_word' id='word_1_76' title='bbox 2065 1942 2146 1989; x_wconf 79' lang='lat' dir='ltr'>ex</span> <span class='ocrx_word' id='word_1_77' title='bbox 2191 1942 2520 2006; x_wconf 88' lang='lat' dir='ltr'>quoquam</span> <span class='ocrx_word' id='word_1_78' title='bbox 2566 1942 2728 1989; x_wconf 89' lang='lat' dir='ltr'>con-</span> 
     </span>
     <span class='ocr_line' id='line_1_14' title="bbox 374 2022 2722 2109; baseline 0.003 -21"><span class='ocrx_word' id='word_1_79' title='bbox 374 2023 727 2097; x_wconf 80' lang='lat' dir='ltr'>christiano</span> <span class='ocrx_word' id='word_1_80' title='bbox 747 2022 773 2061; x_wconf 84' lang='lat'>⁵</span> <span class='ocrx_word' id='word_1_81' title='bbox 817 2031 1043 2092; x_wconf 90' lang='lat' dir='ltr'>nostro</span> <span class='ocrx_word' id='word_1_82' title='bbox 1090 2024 1534 2109; x_wconf 88' lang='lat' dir='ltr'>sperabamus,</span> <span class='ocrx_word' id='word_1_83' title='bbox 1580 2033 1646 2092; x_wconf 87' lang='lat' dir='ltr'>te</span> <span class='ocrx_word' id='word_1_84' title='bbox 1673 2027 1922 2095; x_wconf 88' lang='lat' dir='ltr'>scilicet</span> <span class='ocrx_word' id='word_1_85' title='bbox 1963 2027 2032 2092; x_wconf 91' lang='lat' dir='ltr'>in</span> <span class='ocrx_word' id='word_1_86' title='bbox 2077 2046 2156 2093; x_wconf 89' lang='lat' dir='ltr'>eo</span> <span class='ocrx_word' id='word_1_87' title='bbox 2202 2025 2424 2094; x_wconf 90' lang='lat' dir='ltr'>libello</span> <span class='ocrx_word' id='word_1_88' title='bbox 2469 2026 2538 2093; x_wconf 87' lang='lat' dir='ltr'>in</span> <span class='ocrx_word' id='word_1_89' title='bbox 2583 2048 2722 2095; x_wconf 90' lang='lat' dir='ltr'>mo·</span> 
     </span>
     <span class='ocr_line' id='line_1_15' title="bbox 371 2128 2720 2213; baseline 0.002 -20"><span class='ocrx_word' id='word_1_90' title='bbox 371 2128 525 2193; x_wconf 90' lang='lat' dir='ltr'>dum</span> <span class='ocrx_word' id='word_1_91' title='bbox 572 2128 1063 2196; x_wconf 89' lang='lat' dir='ltr'>consultationis</span> <span class='ocrx_word' id='word_1_92' title='bbox 1109 2129 1405 2197; x_wconf 89' lang='lat' dir='ltr'>omnibus</span> <span class='ocrx_word' id='word_1_93' title='bbox 1450 2131 1580 2197; x_wconf 87' lang='lat' dir='ltr'>tuis</span> <span class='ocrx_word' id='word_1_94' title='bbox 1625 2131 1872 2199; x_wconf 86' lang='lat' dir='ltr'>viribus</span> <span class='ocrx_word' id='word_1_95' title='bbox 1915 2130 2243 2213; x_wconf 82' lang='lat' dir='ltr'>annixum,</span> <span class='ocrx_word' id='word_1_96' title='bbox 2287 2137 2364 2197; x_wconf 87' lang='lat' dir='ltr'>ut</span> <span class='ocrx_word' id='word_1_97' title='bbox 2410 2152 2720 2199; x_wconf 87' lang='lat' dir='ltr'>reveren·-</span> 
     </span>
     <span class='ocr_line' id='line_1_16' title="bbox 372 2232 2711 2321; baseline 0.002 -22"><span class='ocrx_word' id='word_1_98' title='bbox 372 2232 640 2300; x_wconf 86' lang='lat' dir='ltr'>dissimo</span> <span class='ocrx_word' id='word_1_99' title='bbox 693 2234 760 2300; x_wconf 89' lang='lat' dir='ltr'>in</span> <span class='ocrx_word' id='word_1_100' title='bbox 805 2234 1063 2301; x_wconf 87' lang='lat' dir='ltr'>Christo</span> <span class='ocrx_word' id='word_1_101' title='bbox 1126 2236 1297 2320; x_wconf 86' lang='lat' dir='ltr'>patri</span> <span class='ocrx_word' id='word_1_102' title='bbox 1364 2241 1432 2321; x_wconf 74' lang='lat' dir='ltr'>et</span> <span class='ocrx_word' id='word_1_103' title='bbox 1486 2236 1768 2321; x_wconf 88' lang='lat' dir='ltr'>Principi</span> <span class='ocrx_word' id='word_1_104' title='bbox 1821 2236 2108 2304; x_wconf 87' lang='lat' dir='ltr'>Electori</span> <span class='ocrx_word' id='word_1_105' title='bbox 2162 2234 2422 2305; x_wconf 88' lang='lat' dir='ltr'>domino</span> <span class='ocrx_word' id='word_1_106' title='bbox 2479 2242 2711 2305; x_wconf 86' lang='lat' dir='ltr'>nostro</span> 
     </span>
     <span class='ocr_line' id='line_1_17' title="bbox 370 2338 2718 2427; baseline 0.003 -24"><span class='ocrx_word' id='word_1_107' title='bbox 370 2338 657 2422; x_wconf 84' lang='lat' dir='ltr'>gratioso</span> <span class='ocrx_word' id='word_1_108' title='bbox 706 2340 910 2407; x_wconf 89' lang='lat' dir='ltr'>Urieli</span> <span class='ocrx_word' id='word_1_109' title='bbox 954 2341 1399 2425; x_wconf 82' lang='lat' dir='ltr'>archipraesuli</span> <span class='ocrx_word' id='word_1_110' title='bbox 1446 2342 1840 2427; x_wconf 81' lang='lat' dir='ltr'>Moguntino‚</span> <span class='ocrx_word' id='word_1_111' title='bbox 1886 2363 1966 2409; x_wconf 88' lang='lat' dir='ltr'>ac</span> <span class='ocrx_word' id='word_1_112' title='bbox 2010 2363 2130 2427; x_wconf 90' lang='lat' dir='ltr'>per</span> <span class='ocrx_word' id='word_1_113' title='bbox 2189 2342 2374 2409; x_wconf 89' lang='lat' dir='ltr'>illum</span> <span class='ocrx_word' id='word_1_114' title='bbox 2433 2342 2718 2409; x_wconf 89' lang='lat' dir='ltr'>serenis-</span> 
     </span>
     <span class='ocr_line' id='line_1_18' title="bbox 366 2444 2706 2531; baseline 0.002 -22"><span class='ocrx_word' id='word_1_115' title='bbox 366 2444 544 2511; x_wconf 84' lang='lat' dir='ltr'>simae</span> <span class='ocrx_word' id='word_1_116' title='bbox 588 2446 612 2483; x_wconf 81' lang='lat'><strong>⁶</strong></span> <span class='ocrx_word' id='word_1_117' title='bbox 681 2445 1124 2531; x_wconf 83' lang='lat' dir='ltr'>Imperatoriae</span> <span class='ocrx_word' id='word_1_118' title='bbox 1205 2446 1538 2531; x_wconf 84' lang='lat' dir='ltr'>Majestati</span> <span class='ocrx_word' id='word_1_119' title='bbox 1613 2448 2080 2531; x_wconf 73' lang='lat' dir='ltr'>persuadereS,</span> <span class='ocrx_word' id='word_1_120' title='bbox 2165 2468 2363 2531; x_wconf 86' lang='lat' dir='ltr'>super</span> <span class='ocrx_word' id='word_1_121' title='bbox 2422 2448 2706 2531; x_wconf 81' lang='lat' dir='ltr'>negocio</span> 
     </span>
     <span class='ocr_line' id='line_1_19' title="bbox 368 2549 2708 2637; baseline 0.003 -24"><span class='ocrx_word' id='word_1_122' title='bbox 368 2549 681 2617; x_wconf 89' lang='lat' dir='ltr'>librorum</span> <span class='ocrx_word' id='word_1_123' title='bbox 740 2551 781 2617; x_wconf 85' lang='lat' dir='ltr'>J</span> <span class='ocrx_word' id='word_1_124' title='bbox 786 2550 1191 2631; x_wconf 88' lang='lat' dir='ltr'>udaicorum,</span> <span class='ocrx_word' id='word_1_125' title='bbox 1246 2550 1554 2636; x_wconf 78' lang='lat' dir='ltr'>quatinus</span> <span class='ocrx_word' id='word_1_126' title='bbox 1589 2554 1612 2592; x_wconf 79' lang='lat'>⁷</span> <span class='ocrx_word' id='word_1_127' title='bbox 1675 2552 1850 2620; x_wconf 89' lang='lat' dir='ltr'>idem</span> <span class='ocrx_word' id='word_1_128' title='bbox 1903 2553 2240 2637; x_wconf 84' lang='lat' dir='ltr'>negocium</span> <span class='ocrx_word' id='word_1_129' title='bbox 2283 2550 2708 2619; x_wconf 77' lang='lat' dir='ltr'>laudabiliter</span> 
     </span>
     <span class='ocr_line' id='line_1_20' title="bbox 364 2655 2712 2744; baseline 0.001 -22"><span class='ocrx_word' id='word_1_130' title='bbox 364 2676 484 2739; x_wconf 86' lang='lat' dir='ltr'>per</span> <span class='ocrx_word' id='word_1_131' title='bbox 530 2657 803 2727; x_wconf 85' lang='lat' dir='ltr'>eandem</span> <span class='ocrx_word' id='word_1_132' title='bbox 849 2655 1215 2723; x_wconf 86' lang='lat' dir='ltr'>Caesaream</span> <span class='ocrx_word' id='word_1_133' title='bbox 1268 2656 1680 2741; x_wconf 83' lang='lat' dir='ltr'>Majestatem</span> <span class='ocrx_word' id='word_1_134' title='bbox 1747 2665 2031 2744; x_wconf 87' lang='lat' dir='ltr'>coeptum</span> <span class='ocrx_word' id='word_1_135' title='bbox 2077 2659 2455 2725; x_wconf 81' lang='lat' dir='ltr'>inverteres.</span> <span class='ocrx_word' id='word_1_136' title='bbox 2519 2657 2712 2735; x_wconf 83' lang='lat' dir='ltr'>Quod</span> 
     </span>
     <span class='ocr_line' id='line_1_21' title="bbox 366 2761 2708 2848; baseline 0.001 -21"><span class='ocrx_word' id='word_1_137' title='bbox 366 2768 443 2827; x_wconf 88' lang='lat' dir='ltr'>ut</span> <span class='ocrx_word' id='word_1_138' title='bbox 486 2763 885 2830; x_wconf 86' lang='lat' dir='ltr'>commodius</span> <span class='ocrx_word' id='word_1_139' title='bbox 930 2766 1033 2844; x_wconf 82' lang='lat' dir='ltr'>(ut</span> <span class='ocrx_word' id='word_1_140' title='bbox 1075 2761 1240 2829; x_wconf 81' lang='lat' dir='ltr'>tibi⁸</span> <span class='ocrx_word' id='word_1_141' title='bbox 1284 2762 1457 2829; x_wconf 84' lang='lat' dir='ltr'>forte</span> <span class='ocrx_word' id='word_1_142' title='bbox 1473 2762 1681 2829; x_wconf 80' lang='lat' dir='ltr'>visum</span> <span class='ocrx_word' id='word_1_143' title='bbox 1711 2764 1862 2848; x_wconf 86' lang='lat' dir='ltr'>fuit)</span> <span class='ocrx_word' id='word_1_144' title='bbox 1892 2762 2162 2844; x_wconf 86' lang='lat' dir='ltr'>faceres,</span> <span class='ocrx_word' id='word_1_145' title='bbox 2209 2762 2418 2829; x_wconf 84' lang='lat' dir='ltr'>multa</span> <span class='ocrx_word' id='word_1_146' title='bbox 2448 2761 2537 2829; x_wconf 88' lang='lat' dir='ltr'>ad</span> <span class='ocrx_word' id='word_1_147' title='bbox 2566 2784 2708 2830; x_wconf 88' lang='lat' dir='ltr'>rem</span> 
     </span>
     <span class='ocr_line' id='line_1_22' title="bbox 364 2865 2710 2955; baseline 0.003 -25"><span class='ocrx_word' id='word_1_148' title='bbox 364 2866 851 2951; x_wconf 78' lang='lat' dir='ltr'>impertinentia</span> <span class='ocrx_word' id='word_1_149' title='bbox 894 2865 1209 2934; x_wconf 86' lang='lat' dir='ltr'>latissime</span> <span class='ocrx_word' id='word_1_150' title='bbox 1253 2872 1556 2952; x_wconf 88' lang='lat' dir='ltr'>porrecto</span> <span class='ocrx_word' id='word_1_151' title='bbox 1605 2867 1854 2935; x_wconf 87' lang='lat' dir='ltr'>calamo</span> <span class='ocrx_word' id='word_1_152' title='bbox 1901 2869 2088 2953; x_wconf 90' lang='lat' dir='ltr'>quasi</span> <span class='ocrx_word' id='word_1_153' title='bbox 2134 2868 2445 2955; x_wconf 87' lang='lat' dir='ltr'>quicquid</span> <span class='ocrx_word' id='word_1_154' title='bbox 2484 2868 2609 2937; x_wconf 86' lang='lat' dir='ltr'>tibi</span> <span class='ocrx_word' id='word_1_155' title='bbox 2642 2868 2710 2936; x_wconf 87' lang='lat' dir='ltr'>in</span> 
     </span>
     <span class='ocr_line' id='line_1_23' title="bbox 362 2971 2708 3061; baseline 0.002 -24"><span class='ocrx_word' id='word_1_156' title='bbox 362 2972 468 3037; x_wconf 80' lang='lat' dir='ltr'>via</span> <span class='ocrx_word' id='word_1_157' title='bbox 528 2994 660 3061; x_wconf 85' lang='lat' dir='ltr'>qua</span> <span class='ocrx_word' id='word_1_158' title='bbox 719 2972 813 3038; x_wconf 90' lang='lat' dir='ltr'>ibi</span> <span class='ocrx_word' id='word_1_159' title='bbox 873 2971 977 3039; x_wconf 91' lang='lat' dir='ltr'>hic</span> <span class='ocrx_word' id='word_1_160' title='bbox 1036 2972 1297 3057; x_wconf 87' lang='lat' dir='ltr'>illicque</span> <span class='ocrx_word' id='word_1_161' title='bbox 1332 2972 1358 3011; x_wconf 84' lang='lat'>⁹</span> <span class='ocrx_word' id='word_1_162' title='bbox 1410 2993 1754 3041; x_wconf 89' lang='lat' dir='ltr'>occurrere</span> <span class='ocrx_word' id='word_1_163' title='bbox 1798 2974 2046 3059; x_wconf 86' lang='lat' dir='ltr'>potuit,</span> <span class='ocrx_word' id='word_1_164' title='bbox 2091 2972 2442 3061; x_wconf 83' lang='lat' dir='ltr'>decerpere</span> <span class='ocrx_word' id='word_1_165' title='bbox 2479 2974 2533 3016; x_wconf 84' lang='lat'>¹⁰</span> <span class='ocrx_word' id='word_1_166' title='bbox 2593 2996 2708 3042; x_wconf 84' lang='lat' dir='ltr'>vo-</span> 
     </span>
     <span class='ocr_line' id='line_1_24' title="bbox 363 3076 2714 3161; baseline 0.003 -20"><span class='ocrx_word' id='word_1_167' title='bbox 363 3076 615 3159; x_wconf 86' lang='lat' dir='ltr'>luisses,</span> <span class='ocrx_word' id='word_1_168' title='bbox 662 3079 727 3143; x_wconf 91' lang='lat' dir='ltr'>in</span> <span class='ocrx_word' id='word_1_169' title='bbox 772 3098 971 3145; x_wconf 87' lang='lat' dir='ltr'>unum</span> <span class='ocrx_word' id='word_1_170' title='bbox 1016 3077 1302 3161; x_wconf 62' lang='lat' dir='ltr'>coligisti.</span> <span class='ocrx_word' id='word_1_171' title='bbox 1393 3078 1534 3156; x_wconf 85' lang='lat' dir='ltr'>Quo</span> <span class='ocrx_word' id='word_1_172' title='bbox 1574 3077 1820 3146; x_wconf 87' lang='lat' dir='ltr'>factum</span> <span class='ocrx_word' id='word_1_173' title='bbox 1865 3086 1985 3160; x_wconf 86' lang='lat' dir='ltr'>est,</span> <span class='ocrx_word' id='word_1_174' title='bbox 2030 3086 2105 3147; x_wconf 86' lang='lat' dir='ltr'>ut</span> <span class='ocrx_word' id='word_1_175' title='bbox 2148 3078 2424 3149; x_wconf 87' lang='lat' dir='ltr'>festinus</span> <span class='ocrx_word' id='word_1_176' title='bbox 2453 3078 2545 3146; x_wconf 89' lang='lat' dir='ltr'>ad</span> <span class='ocrx_word' id='word_1_177' title='bbox 2575 3085 2714 3147; x_wconf 85' lang='lat' dir='ltr'>ter-</span> 
     </span>
     <span class='ocr_line' id='line_1_25' title="bbox 362 3183 2705 3269; baseline 0.003 -22"><span class='ocrx_word' id='word_1_178' title='bbox 362 3183 607 3248; x_wconf 90' lang='lat' dir='ltr'>minum</span> <span class='ocrx_word' id='word_1_179' title='bbox 653 3204 781 3268; x_wconf 90' lang='lat' dir='ltr'>quo</span> <span class='ocrx_word' id='word_1_180' title='bbox 811 3183 1212 3269; x_wconf 85' lang='lat' dir='ltr'>properabas</span> <span class='ocrx_word' id='word_1_181' title='bbox 1247 3184 1320 3265; x_wconf 79' lang='lat'>²¹,</span> <span class='ocrx_word' id='word_1_182' title='bbox 1365 3204 1492 3251; x_wconf 89' lang='lat' dir='ltr'>non</span> <span class='ocrx_word' id='word_1_183' title='bbox 1537 3184 1699 3251; x_wconf 86' lang='lat' dir='ltr'>satis</span> <span class='ocrx_word' id='word_1_184' title='bbox 1743 3184 2121 3269; x_wconf 81' lang='lat' dir='ltr'>probaveris</span> <span class='ocrx_word' id='word_1_185' title='bbox 2165 3208 2250 3253; x_wconf 89' lang='lat' dir='ltr'>an</span> <span class='ocrx_word' id='word_1_186' title='bbox 2293 3206 2480 3253; x_wconf 85' lang='lat' dir='ltr'>rosas</span> <span class='ocrx_word' id='word_1_187' title='bbox 2510 3184 2705 3266; x_wconf 80' lang='lat' dir='ltr'>forte,</span> 
     </span>
     <span class='ocr_line' id='line_1_26' title="bbox 367 3287 2708 3377; baseline 0.002 -24"><span class='ocrx_word' id='word_1_188' title='bbox 367 3308 452 3353; x_wconf 88' lang='lat' dir='ltr'>an</span> <span class='ocrx_word' id='word_1_189' title='bbox 488 3288 542 3326; x_wconf 84' lang='lat'>1²</span> <span class='ocrx_word' id='word_1_190' title='bbox 600 3287 769 3355; x_wconf 89' lang='lat' dir='ltr'>male</span> <span class='ocrx_word' id='word_1_191' title='bbox 826 3288 1075 3355; x_wconf 87' lang='lat' dir='ltr'>olentes</span> <span class='ocrx_word' id='word_1_192' title='bbox 1134 3287 1329 3356; x_wconf 87' lang='lat' dir='ltr'>flores</span> <span class='ocrx_word' id='word_1_193' title='bbox 1384 3290 1762 3356; x_wconf 87' lang='lat' dir='ltr'>inconcinne</span> <span class='ocrx_word' id='word_1_194' title='bbox 1825 3291 1892 3356; x_wconf 91' lang='lat' dir='ltr'>in</span> <span class='ocrx_word' id='word_1_195' title='bbox 1948 3297 2196 3358; x_wconf 88' lang='lat' dir='ltr'>sertum</span> <span class='ocrx_word' id='word_1_196' title='bbox 2264 3311 2708 3377; x_wconf 66' lang='lat' dir='ltr'>componerem,</span> 
     </span>
     <span class='ocr_line' id='line_1_27' title="bbox 361 3393 2705 3481; baseline 0.002 -23"><span class='ocrx_word' id='word_1_197' title='bbox 361 3414 439 3459; x_wconf 91' lang='lat' dir='ltr'>ac</span> <span class='ocrx_word' id='word_1_198' title='bbox 505 3414 625 3478; x_wconf 88' lang='lat' dir='ltr'>per</span> <span class='ocrx_word' id='word_1_199' title='bbox 709 3393 831 3461; x_wconf 90' lang='lat' dir='ltr'>hoc</span> <span class='ocrx_word' id='word_1_200' title='bbox 912 3414 1041 3460; x_wconf 89' lang='lat' dir='ltr'>non</span> <span class='ocrx_word' id='word_1_201' title='bbox 1108 3393 1323 3461; x_wconf 84' lang='lat' dir='ltr'>solum</span> <span class='ocrx_word' id='word_1_202' title='bbox 1400 3394 1612 3460; x_wconf 85' lang='lat' dir='ltr'>nimiae</span> <span class='ocrx_word' id='word_1_203' title='bbox 1681 3394 1982 3462; x_wconf 83' lang='lat' dir='ltr'>fautoriae</span> <span class='ocrx_word' id='word_1_204' title='bbox 2058 3396 2348 3463; x_wconf 81' lang='lat' dir='ltr'>Judaicae</span> <span class='ocrx_word' id='word_1_205' title='bbox 2417 3396 2705 3481; x_wconf 68' lang='lat' dir='ltr'>perfidiae</span> 
     </span>
     <span class='ocr_line' id='line_1_28' title="bbox 365 3498 2703 3585; baseline 0.003 -22"><span class='ocrx_word' id='word_1_206' title='bbox 365 3504 583 3565; x_wconf 87' lang='lat' dir='ltr'>notam</span> <span class='ocrx_word' id='word_1_207' title='bbox 630 3498 1031 3585; x_wconf 87' lang='lat' dir='ltr'>improvidus</span> <span class='ocrx_word' id='word_1_208' title='bbox 1074 3498 1252 3585; x_wconf 85' lang='lat' dir='ltr'>apud</span> <span class='ocrx_word' id='word_1_209' title='bbox 1298 3498 1702 3567; x_wconf 86' lang='lat' dir='ltr'>Christianos</span> <span class='ocrx_word' id='word_1_210' title='bbox 1746 3501 2026 3567; x_wconf 87' lang='lat' dir='ltr'>lectores</span> <span class='ocrx_word' id='word_1_211' title='bbox 2069 3500 2421 3583; x_wconf 86' lang='lat' dir='ltr'>incurristi,</span> <span class='ocrx_word' id='word_1_212' title='bbox 2471 3503 2591 3569; x_wconf 87' lang='lat' dir='ltr'>sed</span> <span class='ocrx_word' id='word_1_213' title='bbox 2638 3511 2703 3569; x_wconf 86' lang='lat' dir='ltr'>et</span> 
     </span>
     <span class='ocr_line' id='line_1_29' title="bbox 360 3602 2699 3693; baseline 0.002 -26"><span class='ocrx_word' id='word_1_214' title='bbox 360 3602 607 3670; x_wconf 83' lang='lat' dir='ltr'>Judaeis</span> <span class='ocrx_word' id='word_1_215' title='bbox 650 3606 809 3690; x_wconf 88' lang='lat' dir='ltr'>ipsis</span> <span class='ocrx_word' id='word_1_216' title='bbox 847 3604 917 3686; x_wconf 73' lang='lat'>¹³,</span> <span class='ocrx_word' id='word_1_217' title='bbox 982 3606 1195 3671; x_wconf 84' lang='lat' dir='ltr'>crucis</span> <span class='ocrx_word' id='word_1_218' title='bbox 1240 3612 1308 3671; x_wconf 89' lang='lat' dir='ltr'>et</span> <span class='ocrx_word' id='word_1_219' title='bbox 1352 3605 1687 3689; x_wconf 85' lang='lat' dir='ltr'>sanguinis</span> <span class='ocrx_word' id='word_1_220' title='bbox 1735 3626 1862 3691; x_wconf 90' lang='lat' dir='ltr'>quo</span> <span class='ocrx_word' id='word_1_221' title='bbox 1911 3626 2026 3673; x_wconf 89' lang='lat' dir='ltr'>nos</span> <span class='ocrx_word' id='word_1_222' title='bbox 2072 3604 2191 3671; x_wconf 88' lang='lat' dir='ltr'>loti</span> <span class='ocrx_word' id='word_1_223' title='bbox 2251 3612 2320 3673; x_wconf 88' lang='lat' dir='ltr'>et</span> <span class='ocrx_word' id='word_1_224' title='bbox 2377 3607 2699 3693; x_wconf 88' lang='lat' dir='ltr'>redempti</span> 
     </span>
     <span class='ocr_line' id='line_1_30' title="bbox 370 3710 2698 3797; baseline 0.003 -24"><span class='ocrx_word' id='word_1_225' title='bbox 370 3729 593 3775; x_wconf 89' lang='lat' dir='ltr'>sumus</span> <span class='ocrx_word' id='word_1_226' title='bbox 648 3710 957 3790; x_wconf 84' lang='lat' dir='ltr'>inimicis,</span> <span class='ocrx_word' id='word_1_227' title='bbox 1004 3711 1149 3797; x_wconf 87' lang='lat' dir='ltr'>qui,</span> <span class='ocrx_word' id='word_1_228' title='bbox 1195 3710 1294 3777; x_wconf 88' lang='lat' dir='ltr'>uti</span> <span class='ocrx_word' id='word_1_229' title='bbox 1338 3710 1526 3776; x_wconf 89' lang='lat' dir='ltr'>nobis</span> <span class='ocrx_word' id='word_1_230' title='bbox 1573 3710 1849 3776; x_wconf 88' lang='lat' dir='ltr'>relatum</span> <span class='ocrx_word' id='word_1_231' title='bbox 1897 3717 2026 3793; x_wconf 87' lang='lat' dir='ltr'>est,</span> <span class='ocrx_word' id='word_1_232' title='bbox 2084 3710 2254 3779; x_wconf 90' lang='lat' dir='ltr'>hunc</span> <span class='ocrx_word' id='word_1_233' title='bbox 2299 3718 2486 3779; x_wconf 88' lang='lat' dir='ltr'>tuum</span> <span class='ocrx_word' id='word_1_234' title='bbox 2535 3718 2698 3780; x_wconf 85' lang='lat' dir='ltr'>trac-</span> 
     </span>
     <span class='ocr_line' id='line_1_31' title="bbox 368 3815 2698 3903; baseline 0.002 -25"><span class='ocrx_word' id='word_1_235' title='bbox 368 3818 581 3879; x_wconf 86' lang='lat' dir='ltr'>tatum</span> <span class='ocrx_word' id='word_1_236' title='bbox 644 3816 993 3882; x_wconf 84' lang='lat' dir='ltr'>vernacula</span> <span class='ocrx_word' id='word_1_237' title='bbox 1046 3821 1275 3883; x_wconf 86' lang='lat' dir='ltr'>nostra</span> <span class='ocrx_word' id='word_1_238' title='bbox 1328 3815 1552 3901; x_wconf 87' lang='lat' dir='ltr'>lingua</span> <span class='ocrx_word' id='word_1_239' title='bbox 1613 3815 1856 3882; x_wconf 87' lang='lat' dir='ltr'>editum</span> <span class='ocrx_word' id='word_1_240' title='bbox 1928 3822 1995 3883; x_wconf 84' lang='lat' dir='ltr'>et</span> <span class='ocrx_word' id='word_1_241' title='bbox 2045 3818 2434 3902; x_wconf 89' lang='lat' dir='ltr'>impressum</span> <span class='ocrx_word' id='word_1_242' title='bbox 2481 3818 2698 3903; x_wconf 84' lang='lat' dir='ltr'>legunt</span> 
     </span>
     <span class='ocr_line' id='line_1_32' title="bbox 364 3920 2695 4009; baseline 0.003 -27"><span class='ocrx_word' id='word_1_243' title='bbox 364 3923 433 3984; x_wconf 89' lang='lat' dir='ltr'>et</span> <span class='ocrx_word' id='word_1_244' title='bbox 482 3920 928 3989; x_wconf 84' lang='lat' dir='ltr'>circunferunt</span> <span class='ocrx_word' id='word_1_245' title='bbox 974 3920 1379 3989; x_wconf 86' lang='lat' dir='ltr'>occasionem</span> <span class='ocrx_word' id='word_1_246' title='bbox 1440 3922 1834 4006; x_wconf 66' lang='lat' dir='ltr'>praestitisti,</span> <span class='ocrx_word' id='word_1_247' title='bbox 1895 3943 2023 4007; x_wconf 90' lang='lat' dir='ltr'>quo</span> <span class='ocrx_word' id='word_1_248' title='bbox 2069 3922 2347 4009; x_wconf 86' lang='lat' dir='ltr'>amplius</span> <span class='ocrx_word' id='word_1_249' title='bbox 2394 3944 2516 3991; x_wconf 92' lang='lat' dir='ltr'>nos</span> <span class='ocrx_word' id='word_1_250' title='bbox 2561 3922 2695 3990; x_wconf 89' lang='lat' dir='ltr'>irri-</span> 
     </span>
    </p>
   </div>
   <div class='ocr_carea' id='block_1_5' title="bbox 1505 4070 1542 4109">
    <p class='ocr_par' dir='ltr' id='par_1_8' title="bbox 1505 4070 1542 4109">
     <span class='ocr_line' id='line_1_33' title="bbox 1505 4070 1542 4109; baseline 0 0"><span class='ocrx_word' id='word_1_251' title='bbox 1505 4070 1542 4109; x_wconf 54' lang='lat'>⁸</span> 
     </span>
    </p>
   </div>
   <div class='ocr_carea' id='block_1_6' title="bbox 344 4158 2686 4583">
    <p class='ocr_par' dir='ltr' id='par_1_9' title="bbox 344 4158 2686 4583">
     <span class='ocr_line' id='line_1_34' title="bbox 500 4158 2678 4227; baseline -0.001 -16"><span class='ocrx_word' id='word_1_252' title='bbox 500 4166 522 4211; x_wconf 86' lang='lat'>1</span> <span class='ocrx_word' id='word_1_253' title='bbox 546 4160 699 4213; x_wconf 89' lang='lat' dir='ltr'>Ohne</span> <span class='ocrx_word' id='word_1_254' title='bbox 724 4161 1007 4214; x_wconf 71' lang='lat' dir='ltr'>ausschrift</span> <span class='ocrx_word' id='word_1_255' title='bbox 1047 4160 1146 4213; x_wconf 72' lang='lat'><strong>1⁸¹².</strong></span> <span class='ocrx_word' id='word_1_256' title='bbox 1222 4164 1253 4211; x_wconf 77' lang='lat'><em>2</em></span> <span class='ocrx_word' id='word_1_257' title='bbox 1282 4159 1535 4227; x_wconf 85' lang='lat' dir='ltr'>Spiritum</span> <span class='ocrx_word' id='word_1_258' title='bbox 1561 4158 1777 4213; x_wconf 79' lang='lat' dir='ltr'>consilii</span> <span class='ocrx_word' id='word_1_259' title='bbox 1803 4161 2048 4225; x_wconf 78' lang='lat' dir='ltr'>sanioris.</span> <span class='ocrx_word' id='word_1_260' title='bbox 2076 4158 2200 4212; x_wconf 83' lang='lat' dir='ltr'>Fuit</span> <span class='ocrx_word' id='word_1_261' title='bbox 2231 4164 2276 4213; x_wconf 84' lang='lat'>1.</span> <span class='ocrx_word' id='word_1_262' title='bbox 2352 4162 2385 4212; x_wconf 79' lang='lat'>3</span> <span class='ocrx_word' id='word_1_263' title='bbox 2411 4161 2480 4213; x_wconf 74' lang='lat' dir='ltr'>Et</span> <span class='ocrx_word' id='word_1_264' title='bbox 2496 4168 2560 4213; x_wconf 79' lang='lat' dir='ltr'>st.</span> <span class='ocrx_word' id='word_1_265' title='bbox 2586 4164 2678 4211; x_wconf 81' lang='lat' dir='ltr'>ael</span> 
     </span>
     <span class='ocr_line' id='line_1_35' title="bbox 348 4248 2686 4302; baseline -0 -4"><span class='ocrx_word' id='word_1_266' title='bbox 348 4250 677 4301; x_wconf 81' lang='lat' dir='ltr'>4&#39;l&#39;ractatns</span> <span class='ocrx_word' id='word_1_267' title='bbox 698 4258 764 4302; x_wconf 82' lang='lat' dir='ltr'>st.</span> <span class='ocrx_word' id='word_1_268' title='bbox 793 4249 1010 4302; x_wconf 86' lang='lat' dir='ltr'>libellus</span> <span class='ocrx_word' id='word_1_269' title='bbox 1041 4255 1086 4299; x_wconf 86' lang='lat'>1.</span> <span class='ocrx_word' id='word_1_270' title='bbox 1159 4253 1191 4301; x_wconf 78' lang='lat'>5</span> <span class='ocrx_word' id='word_1_271' title='bbox 1210 4248 1514 4301; x_wconf 80' lang='lat' dir='ltr'>Christiano</span> <span class='ocrx_word' id='word_1_272' title='bbox 1549 4255 1592 4300; x_wconf 90' lang='lat'>1.</span> <span class='ocrx_word' id='word_1_273' title='bbox 1667 4251 1697 4299; x_wconf 86' lang='grc'>6</span> <span class='ocrx_word' id='word_1_274' title='bbox 1721 4249 2068 4301; x_wconf 76' lang='lat' dir='ltr'>Serenissime</span> <span class='ocrx_word' id='word_1_275' title='bbox 2081 4249 2188 4301; x_wconf 88' lang='lat' dir='ltr'>und</span> <span class='ocrx_word' id='word_1_276' title='bbox 2217 4249 2398 4300; x_wconf 82' lang='lat' dir='ltr'>weiter</span> <span class='ocrx_word' id='word_1_277' title='bbox 2419 4264 2450 4299; x_wconf 89' lang='lat' dir='ltr'>e</span> <span class='ocrx_word' id='word_1_278' title='bbox 2474 4251 2556 4300; x_wconf 80' lang='lat' dir='ltr'>fiir</span> <span class='ocrx_word' id='word_1_279' title='bbox 2577 4262 2619 4298; x_wconf 69' lang='grc' dir='ltr'><strong><em>ω</em></strong></span> <span class='ocrx_word' id='word_1_280' title='bbox 2647 4252 2686 4297; x_wconf 89' lang='lat'>1.</span> 
     </span>
     <span class='ocr_line' id='line_1_36' title="bbox 346 4336 2684 4404; baseline -0 -18"><span class='ocrx_word' id='word_1_281' title='bbox 346 4340 375 4386; x_wconf 85' lang='grc'>’1</span> <span class='ocrx_word' id='word_1_282' title='bbox 416 4337 687 4399; x_wconf 74' lang='lat' dir='ltr'>Quatenus</span> <span class='ocrx_word' id='word_1_283' title='bbox 723 4343 766 4388; x_wconf 90' lang='lat'>1.</span> <span class='ocrx_word' id='word_1_284' title='bbox 876 4340 907 4387; x_wconf 82' lang='lat'>8</span> <span class='ocrx_word' id='word_1_285' title='bbox 950 4338 1034 4389; x_wconf 85' lang='lat' dir='ltr'>Uti</span> <span class='ocrx_word' id='word_1_286' title='bbox 1058 4338 1192 4389; x_wconf 80' lang='lat' dir='ltr'>forte</span> <span class='ocrx_word' id='word_1_287' title='bbox 1219 4337 1316 4389; x_wconf 80' lang='lat' dir='ltr'>tibi</span> <span class='ocrx_word' id='word_1_288' title='bbox 1342 4341 1385 4388; x_wconf 88' lang='lat'>1.</span> <span class='ocrx_word' id='word_1_289' title='bbox 1496 4340 1528 4389; x_wconf 82' lang='lat'>9</span> <span class='ocrx_word' id='word_1_290' title='bbox 1568 4338 1673 4388; x_wconf 83' lang='lat' dir='ltr'>Hic</span> <span class='ocrx_word' id='word_1_291' title='bbox 1697 4337 1917 4403; x_wconf 84' lang='lat' dir='ltr'>illicque</span> <span class='ocrx_word' id='word_1_292' title='bbox 1961 4343 1980 4387; x_wconf 89' lang='lat' dir='ltr'>l</span> <span class='ocrx_word' id='word_1_293' title='bbox 2014 4336 2374 4404; x_wconf 73' lang='lat' dir='ltr'>ausgelnssen.</span> <span class='ocrx_word' id='word_1_294' title='bbox 2491 4340 2555 4389; x_wconf 86' lang='lat'>10</span> <span class='ocrx_word' id='word_1_295' title='bbox 2591 4336 2684 4385; x_wconf 84' lang='lat' dir='ltr'>De·</span> 
     </span>
     <span class='ocr_line' id='line_1_37' title="bbox 344 4424 2684 4493; baseline 0 -20"><span class='ocrx_word' id='word_1_296' title='bbox 344 4425 519 4490; x_wconf 85' lang='lat' dir='ltr'>cipere</span> <span class='ocrx_word' id='word_1_297' title='bbox 564 4431 604 4477; x_wconf 90' lang='lat'>1.</span> <span class='ocrx_word' id='word_1_298' title='bbox 758 4430 816 4475; x_wconf 87' lang='lat'>11</span> <span class='ocrx_word' id='word_1_299' title='bbox 856 4425 926 4477; x_wconf 81' lang='lat' dir='ltr'>Et</span> <span class='ocrx_word' id='word_1_300' title='bbox 964 4426 1211 4479; x_wconf 70' lang='lat' dir='ltr'>lucentus</span> <span class='ocrx_word' id='word_1_301' title='bbox 1236 4426 1492 4493; x_wconf 81' lang='lat' dir='ltr'>zugefiigt</span> <span class='ocrx_word' id='word_1_302' title='bbox 1539 4431 1583 4477; x_wconf 87' lang='lat'>1.</span> <span class='ocrx_word' id='word_1_303' title='bbox 1737 4430 1795 4476; x_wconf 84' lang='grc'>12</span> <span class='ocrx_word' id='word_1_304' title='bbox 1839 4426 2060 4477; x_wconf 74' lang='lat' dir='ltr'>Utentes</span> <span class='ocrx_word' id='word_1_305' title='bbox 2088 4427 2287 4478; x_wconf 80' lang='lat' dir='ltr'>urticas</span> <span class='ocrx_word' id='word_1_306' title='bbox 2325 4430 2417 4477; x_wconf 82' lang='lat' dir='ltr'>ant</span> <span class='ocrx_word' id='word_1_307' title='bbox 2443 4424 2684 4491; x_wconf 73' lang='lat' dir='ltr'>zugefiigt</span> 
     </span>
     <span class='ocr_line' id='line_1_38' title="bbox 351 4512 2679 4583; baseline -0.001 -22"><span class='ocrx_word' id='word_1_308' title='bbox 351 4515 395 4564; x_wconf 93' lang='lat'>1.</span> <span class='ocrx_word' id='word_1_309' title='bbox 433 4512 626 4565; x_wconf 87' lang='lat' dir='ltr'>librum</span> <span class='ocrx_word' id='word_1_310' title='bbox 678 4514 761 4563; x_wconf 82' lang='lat' dir='ltr'>fiir</span> <span class='ocrx_word' id='word_1_311' title='bbox 796 4519 991 4565; x_wconf 80' lang='lat' dir='ltr'>sertum</span> <span class='ocrx_word' id='word_1_312' title='bbox 1031 4516 1079 4565; x_wconf 82' lang='lat'>3.</span> <span class='ocrx_word' id='word_1_313' title='bbox 1228 4518 1289 4567; x_wconf 78' lang='lat'>13</span> <span class='ocrx_word' id='word_1_314' title='bbox 1325 4514 1548 4583; x_wconf 72' lang='lat' dir='ltr'>Judaeis]</span> <span class='ocrx_word' id='word_1_315' title='bbox 1599 4513 1712 4580; x_wconf 80' lang='lat' dir='ltr'>vgl.</span> <span class='ocrx_word' id='word_1_316' title='bbox 1747 4513 2107 4567; x_wconf 80' lang='lat' dir='ltr'>Pfefferkorns</span> <span class='ocrx_word' id='word_1_317' title='bbox 2156 4514 2394 4566; x_wconf 80' lang='lat' dir='ltr'>defensio</span> <span class='ocrx_word' id='word_1_318' title='bbox 2433 4515 2576 4581; x_wconf 77' lang='lat' dir='ltr'>p.·64</span> <span class='ocrx_word' id='word_1_319' title='bbox 2609 4525 2679 4576; x_wconf 80' lang='lat' dir='ltr'>sq.</span> 
     </span>
    </p>
   </div>
  </div>
 </body>
</html>
