2950 5042
1531 416 1660 483 126

432 608 689 675 nomine
736 608 990 690 dicens,
1047 606 1223 693 quod
1282 607 1636 674 secundum
1683 607 2173 674 extimationem
2219 608 2285 673 in
2329 606 2774 673 anterioribus

433 712 642 779 literis
692 714 853 780 meis
921 718 1295 780 contentam
1357 712 1517 779 velis
1573 732 1614 779 a
1659 734 1763 778 me
1807 712 2013 779 libros
2061 736 2140 779 ex
2187 718 2405 799 empto
2453 713 2773 796 recipere,

431 819 850 905 preciumque
879 818 1145 884 tradere
1174 819 1243 883 in
1273 819 1550 904 pecunia
1577 824 1812 903 parata
1840 839 1960 903 per
1991 818 2445 885 cancellariam
2475 824 2776 883 nostram

432 923 748 989 ducalem.
839 924 1082 990 Iccirco
1129 925 1543 1008 quantumvis
1590 925 1788 990 etiam
1833 923 1914 989 de
1964 929 2140 989 sorte
2188 923 2482 1008 perdam,
2530 929 2777 1003 tamen,

432 1030 587 1114 quia
632 1030 725 1095 sic
772 1030 1043 1097 evadam
1089 1029 1353 1096 fraudes
1401 1029 1694 1110 sociales,
1740 1028 1990 1113 gaudeo
2037 1028 2384 1114 plurimum
2404 1079 2420 1110 ,
2483 1050 2566 1095 ne
2615 1027 2777 1092 mibi

431 1135 723 1203 funditus
783 1135 1185 1221 pereundum
1232 1135 1335 1201 sit.
1428 1133 1570 1213 Qua
1614 1140 1883 1220 propter
1931 1156 2076 1201 cum
2122 1135 2284 1200 nihil
2328 1137 2396 1201 in
2441 1134 2715 1219 negocio
2753 1134 2775 1171 ¹

432 1247 546 1308 tuo
593 1241 763 1325 frugi
794 1240 1011 1307 facere
1041 1240 1383 1326 possimus,
1430 1240 1558 1306 nisi
1587 1238 1762 1325 apud
1805 1244 1876 1305 te
1923 1240 2064 1320 sim,
2109 1239 2282 1306 unde
2329 1246 2551 1307 custos
2609 1240 2778 1305 dixit

434 1352 502 1413 te
548 1345 636 1412 ad
678 1368 783 1412 me
830 1346 1049 1432 aliquo
1095 1346 1520 1426 diversarum,
1563 1351 1638 1411 ut
1681 1366 1812 1410 una
1853 1364 2158 1411 essemus,
2243 1345 2429 1424 Quod
2461 1352 2530 1411 et
2559 1345 2778 1430 ipsum

434 1451 527 1517 nil
586 1452 909 1518 sufficeret
965 1456 1235 1537 propter
1292 1449 1658 1516 absentiam
1715 1449 2028 1515 librorum
2075 1470 2453 1534 graecorum
2471 1500 2486 1531 ,
2535 1450 2782 1536 quibus

434 1558 620 1623 usuri
649 1578 889 1639 sumus,
938 1578 1055 1642 ego
1085 1554 1455 1623 faventibus
1503 1554 1756 1638 superis
1802 1554 1886 1620 ad
1933 1560 2000 1620 te
2045 1554 2229 1622 brevi
2270 1561 2578 1623 venturus
2614 1577 2779 1635 sum,

438 1664 686 1730 scilicet
744 1663 919 1728 intra
980 1669 1061 1727 15
1121 1661 1279 1742 dies,
1347 1660 1608 1746 qnando
1665 1680 1836 1725 nunc
1897 1660 2100 1727 feriae
2155 1661 2553 1746 judiciorum
2605 1660 2632 1700 ²
2684 1661 2781 1724 in-

437 1770 735 1851 stabunt,
814 1775 881 1834 et
938 1768 1203 1835 dabitur
1258 1768 1538 1848 vacatio,
1611 1773 1690 1833 ut
1745 1767 1854 1831 vix
1911 1766 2310 1832 commodius
2367 1786 2484 1832 sen
2553 1767 2779 1851 potius

441 1875 711 1942 liberius
756 1874 842 1941 ad
874 1880 941 1940 te
972 1880 1113 1940 toto
1143 1895 1313 1940 anno
1344 1873 1597 1939 valeam
1629 1871 1958 1938 accedere.
2021 1872 2106 1937 Et
2133 1891 2306 1937 nunc
2337 1872 2776 1952 accessissem,

439 1982 494 2047 si
540 2002 668 2047 non
714 2002 817 2047 me
850 1980 1173 2047 detineret
1202 1977 1608 2065 aliquantula
1637 1976 1996 2061 aegritudo.
2075 1975 2289 2063 Caput
2319 1977 2546 2059 stillat,
2597 1978 2770 2044 dolet

438 2092 687 2172 pectus,
734 2086 986 2152 cruciat
1028 2086 1249 2166 tussis,
1294 2090 1591 2150 movetur
1636 2084 1869 2149 humor
1899 2082 2363 2167 dysentericus.
2455 2081 2585 2151 Sed
2619 2083 2772 2149 haec

440 2193 657 2260 omnia
735 2214 927 2277 spero
1001 2190 1379 2277 propediem
1450 2206 1822 2255 recessura.
1921 2188 2100 2254 Tunc
2158 2190 2408 2255 veniam
2428 2238 2444 2269 ,
2504 2189 2775 2268 veniam,

443 2300 583 2367 Deo
616 2299 688 2365 Ο.
719 2297 803 2363 Μ.
836 2298 1112 2363 volente.
1158 2296 1339 2361 Haec
1371 2295 1611 2379 raptim
1641 2293 1726 2359 ad
1757 2299 1824 2359 te
1857 2294 2105 2380 scripsi,
2150 2316 2232 2360 ne
2273 2314 2452 2361 esses
2495 2295 2772 2361 nescius.

438 2405 619 2474 Vale.
669 2406 770 2470 Ex
815 2401 1194 2488 Stntgardia
1240 2407 1281 2467 4
1326 2399 1472 2467 idus
1520 2399 1829 2484 quintiles
1875 2420 2043 2466 anno
2095 2404 2284 2465 1510.

544 2511 587 2578 J
589 2532 828 2579 oannes
874 2508 1188 2577 Reuchlin
1232 2506 1617 2573 Phorcensis
1661 2504 1786 2571 LL.
1834 2504 1974 2572 doc.
2025 2511 2093 2571 et
2137 2505 2410 2574 Sueviae
2456 2505 2774 2591 triumvir.

863 2618 1156 2701 Expecta
1199 2613 1520 2697 hospitem
1569 2632 1698 2678 non
1745 2609 2026 2679 edacem.

642 2728 847 2789 Basler
908 2722 1417 2787 universitatsbibl.
1479 2722 1790 2782 handschr.
1855 2720 1908 2782 G
1967 2723 2026 2783 11
2089 2725 2208 2783 13⁸
2265 2739 2392 2783 nro.
2459 2724 2542 2782 62
2605 2726 2770 2782 auto-

437 2835 642 2913 graph.

1509 3010 1735 3079 CXIX.

582 3118 779 3175 Padus.
2282 3112 2348 3165 25
2385 3113 2421 3165 J
2425 3108 2503 3164 uli
2548 3112 2704 3164 1510.

984 3225 1345 3327 Georgius
1399 3222 1661 3299 Nuttel
1714 3247 1813 3294 an
1864 3217 2233 3295 Reuchlin

452 3392 657 3460 dankt
687 3392 795 3459 fiir
826 3392 1047 3459 seinen
1076 3389 1262 3471 brief,
1294 3387 1490 3455 theilt
1531 3386 1669 3466 mit,
1717 3383 1870 3453 dass
1903 3406 1976 3451 er
2003 3382 2112 3450 bei
2142 3382 2342 3449 Jason
2374 3380 2456 3447 de
2487 3380 2722 3465 Mayno
2747 3377 2770 3417 ³

448 3497 636 3584 eifrig
717 3498 965 3566 studire
1035 3496 1172 3562 und
1252 3501 1422 3564 trotz
1490 3494 1608 3559 der
1673 3489 2152 3575 kriegerischen
2229 3487 2528 3555 unruhen
2598 3487 2768 3552 scine

442 3606 703 3673 studien
748 3604 1099 3672 fortsetzen
1144 3601 1327 3668 wolle
1373 3598 1510 3663 und
1555 3598 1773 3678 bittet,
1819 3596 1945 3662 den
1992 3593 2339 3661 Sebastian
2368 3591 2649 3675 Welling
2691 3606 2765 3654 zu

441 3710 892 3789 veranlassen,
962 3708 1184 3774 seinen
1248 3706 1409 3773 sohn
1473 3704 1583 3769 fiir
1649 3702 1776 3769 den
1839 3701 2070 3765 winter
2152 3698 2322 3764 nach
2385 3696 2624 3763 Italien
2695 3710 2767 3759 zu

446 3815 766 3883 schicken.
858 3816 957 3881 Ex
1002 3814 1200 3879 Pavia
1250 3816 1332 3877 25
1381 3810 1536 3890 Jnli,
1583 3830 1752 3874 anno
1805 3810 1993 3871 1510.

620 3926 946 3987 Gedruckt:
1000 3928 1030 3982 1
1070 3942 1153 3980 =
1186 3921 1248 3981 G.
1281 3940 1335 3982 v.
1371 3937 1422 3979 c.
1458 3936 1491 3979 e
1525 3921 1597 3977 8ει
1626 3916 1709 3990 fa;
1761 3921 1797 3977 2
1831 3936 1917 3969 ==
1946 3914 2002 3974 J.
2037 3930 2091 3973 v.
2135 3929 2185 3973 e.
2230 3928 2268 3987 g
2314 3914 2380 3985 23
2429 3914 2466 3972 3
2509 3932 2591 3965 =
2623 3908 2684 3969 C.
2716 3924 2765 3967 v.

443 4052 497 4095 v.
530 4034 589 4093 H
618 4032 716 4094 fol.
754 4034 874 4091 392
903 4028 980 4105 fg.

1593 4166 1630 4207 at

590 4285 615 4331 1
653 4279 798 4348 neg.]
843 4279 941 4329 Die
980 4277 1213 4345 ausgabe
1268 4276 1360 4327 des
1400 4276 1776 4339 Hieronymus.
1922 4274 1951 4319 2
1983 4266 2171 4335 Judic.]
2221 4266 2329 4317 Des
2375 4261 2764 4315 schwabischen

445 4368 887 4435 bundesgerichts
932 4366 1057 4416 oder
1103 4366 1194 4415 des
1232 4365 1550 4429 Stuttgarter
1591 4356 1937 4426 hosgerichtS.
2085 4358 2115 4405 3
2153 4354 2276 4421 vgl.
2324 4353 2412 4404 Jo.
2463 4350 2765 4402 Fichardus:

442 4456 579 4507 Vitas
615 4457 968 4507 recentiorum
1011 4453 1569 4503 Jureconsultorum..
1617 4448 1827 4497 Patavii
1867 4442 2136 4497 MDLXV.
2174 4440 2265 4493 fol.
2307 4440 2354 4490 D
2395 4443 2476 4491 3⁸.
2521 4438 2631 4491 und
2665 4438 2763 4519 *Sa-

447 4546 631 4612 vigny,
668 4544 846 4612 gesch.
892 4543 985 4593 des
1017 4547 1145 4593 rom.
1184 4542 1357 4592 reehts
1395 4542 1449 4590 in
1487 4554 1587 4589 ma.
1625 4536 1737 4588 bes,
1777 4534 1865 4586 bd.
1904 4532 1994 4584 VI.
