2950 5042
1513 373 1644 440 332

408 587 555 634 men
602 585 775 651 soepe
820 566 917 632 tui
976 585 1174 631 causa
1220 571 1437 630 metuo
1456 615 1470 642 ‚
1539 587 1620 630 nc
1667 561 2083 630 multitudine
2131 560 2412 628 civilium
2463 558 2761 644 negotio-

402 693 547 738 rum
596 671 937 755 frangariS,
984 672 1108 736 nisi
1136 671 1490 756 aliquando
1522 670 1768 738 laboris
1813 669 2123 736 duriciam
2157 667 2540 734 humaniore
2589 687 2750 750 quo-

404 777 555 842 dam
589 777 805 850 studio
836 777 1035 842 laxes.
1120 777 1343 854 Quare
1388 776 1443 842 si
1476 777 1634 860 quid
1681 782 1780 842 est
1809 776 1878 840 in
1907 797 2009 840 me
2041 773 2305 851 consilii,
2337 771 2764 855 Lamparthe‚

404 882 579 967 quod
624 883 831 948 sentio
878 903 1073 968 quam
1128 883 1215 946 sit
1274 883 1602 966 exiguum,
1663 888 1958 965 optarem
2021 878 2398 963 plurimum,
2465 884 2542 944 ut
2591 898 2764 962 quo·

403 986 565 1054 libet
610 994 901 1072 tempore
950 987 1043 1052 vel
1094 988 1319 1052 horam
1360 986 2018 1072 quantulamcumque
2065 1008 2104 1050 a
2165 982 2420 1068 plebejo
2469 983 2760 1067 strepitu

404 1099 473 1159 et
516 1093 731 1160 aulica
760 1094 1074 1158 servitute
1122 1093 1185 1156 in
1230 1095 1427 1158 animi
1472 1092 1914 1177 quietudinem
1962 1099 2028 1156 te
2062 1090 2420 1156 vindicares
2453 1094 2522 1154 et
2551 1109 2764 1172 quan-

402 1193 556 1264 dam
601 1198 773 1264 haud
821 1197 1229 1282 injocundum
1282 1197 1671 1265 libertatem.

584 1305 723 1370 Hoc
769 1325 913 1370 cum
963 1303 1264 1385 dicerem,
1312 1304 1538 1388 putavi
1607 1311 1672 1369 te
1717 1303 2074 1386 intelligere
2121 1301 2276 1386 quid
2324 1300 2533 1380 velim,
2579 1299 2764 1366 scili-

404 1416 527 1489 cet,
573 1417 647 1475 ut
693 1431 819 1474 non
868 1410 1103 1475 omisso
1150 1410 1265 1474 sed
1313 1410 1681 1476 intermisso
1741 1407 2038 1493 populari
2107 1407 2364 1491 negotio
2430 1412 2496 1471 te
2543 1427 2757 1490 quan·

405 1516 618 1601 doque
676 1536 1068 1584 summarum
1119 1522 1185 1580 et
1232 1515 1592 1582 divinarum
1642 1535 1856 1581 rerum
1905 1513 2165 1580 lectioni
2213 1513 2642 1596 mancipares,
2685 1511 2759 1576 in

407 1642 556 1706 qua,
604 1622 671 1686 ni
716 1618 925 1699 fallor,
972 1628 1170 1704 caput
1214 1628 1317 1686 est
1361 1623 1540 1704 pacis
1586 1629 1654 1686 et
1701 1641 2006 1704 suprema
2051 1617 2508 1703 tranquillitas.
2555 1618 2762 1684 Fece-

408 1734 564 1794 runt
608 1727 707 1792 ita·
746 1727 1007 1792 maximi
1054 1747 1267 1790 rerum
1336 1726 1739 1810 publicarum
1804 1725 2294 1809 gubernatores,
2387 1723 2501 1788 Ille
2548 1745 2760 1807 quon-

401 1830 549 1898 dam
582 1831 838 1916 Moyses
872 1853 999 1916 quo
1041 1831 1166 1896 fuit
1210 1853 1397 1897 nemo
1449 1833 1814 1916 Imperator
1877 1839 1942 1896 et
1973 1831 2400 1898 diuturnitate
2433 1831 2754 1914 temporis

402 1945 469 2002 et
516 1937 791 2002 militum
840 1939 1028 2021 copia
1074 1958 1359 2021 unquam
1392 1939 1600 2022 major
1645 1936 1940 2002 ascendit
1985 1937 2159 2002 solus
2205 1936 2270 2002 in
2321 1943 2630 2015 montem,
2675 1945 2753 2001 ut

398 2061 546 2108 cum
594 2042 717 2108 deo
763 2043 1169 2128 loqueretur;
1219 2042 1443 2122 Minos,
1501 2042 1904 2108 Cretensium
1951 2043 2108 2119 Rex,
2153 2040 2238 2107 ad
2283 2042 2512 2108 Jovem
2561 2063 2632 2107 se
2679 2042 2748 2106 in

400 2154 663 2213 autrum
708 2150 1061 2232 corripuit3
1111 2149 1338 2226 Numa,
1387 2149 1723 2232 Pomponii
1783 2146 1970 2227 filius,
2033 2149 2469 2213 Romanorum
2516 2169 2742 2232 regna-

398 2259 521 2332 tor,
566 2272 713 2318 cum
760 2253 994 2337 Egeria
1061 2253 1385 2319 interdum
1434 2254 1702 2319 consilia
1758 2274 2046 2319 seorsum
2101 2253 2551 2319 comunicavit.
2597 2253 2742 2333 Qui-

398 2355 521 2423 bus
568 2357 989 2442 religionibus
1036 2365 1103 2424 et
1130 2358 1391 2425 labores
1438 2357 1871 2425 sublevabant
1917 2365 1984 2423 et
2028 2358 2266 2444 populo
2313 2359 2584 2424 maximi
2629 2381 2736 2444 ap-

402 2463 744 2548 parebant.
841 2464 1024 2530 Unde
1073 2467 1253 2550 quies
1314 2465 1449 2530 haec
1507 2472 1578 2531 et
1631 2485 1924 2530 recessus
1986 2465 2051 2529 iu
2099 2485 2168 2530 se
2233 2485 2472 2531 nomen
2517 2465 2742 2532 divini-

403 2570 565 2636 tatis
610 2569 858 2636 habuit.

571 2675 758 2754 Quod
804 2681 877 2740 ut
922 2676 1196 2741 imiteris
1244 2678 1376 2760 jeci
1423 2677 1638 2760 prima
1684 2675 2122 2742 fundamenta.
2218 2676 2388 2742 Nam
2437 2678 2606 2744 hanc
2655 2679 2732 2744 de

392 2782 735 2848 nativitate
798 2782 1039 2847 domini
1114 2783 1473 2848 orationem
1512 2785 1535 2822 ¹
1593 2797 1666 2848 a'
1703 2782 1927 2848 Proclo
2007 2781 2336 2866 Cyzicensi
2413 2785 2736 2870 Episcopo

394 2886 718 2971 quondam
768 2887 1323 2973 Constantinopoli
1370 2889 1664 2954 habitam
1711 2909 1746 2955 e
1779 2910 1988 2972 graeco
2033 2889 2099 2953 in
2147 2889 2420 2954 latinum
2469 2911 2588 2974 per
2636 2912 2736 2957 me

390 2990 675 3058 fideliter
735 2992 1122 3060 translatam
1183 2995 1294 3060 uni
1342 2993 1489 3073 tibi,
1552 2995 1649 3059 uti
1712 2994 1791 3059 de
1841 3016 1942 3058 me
1991 2994 2330 3079 saluteque
2380 3015 2528 3060 mea
2575 2996 2741 3062 bene

396 3099 666 3164 meritus
723 3119 812 3176 eS‚
876 3098 1062 3178 dono,
1111 3099 1213 3179 de,
1260 3100 1403 3183 lego
1463 3106 1538 3165 ut
1584 3099 1779 3182 legate,
1829 3119 1969 3184 quae
2015 3100 2080 3166 in
2130 3100 2402 3166 concilio
2453 3101 2743 3184 generali

394 3203 683 3268 ecclesiae
730 3203 1065 3270 catholicae
1110 3206 1305 3270 tertio
1354 3205 1593 3289 Ephesi
1639 3226 1682 3270 a
1727 3204 2036 3270 trecentis
2099 3205 2398 3287 patribus
2469 3206 2743 3274 laudata

392 3314 461 3373 et
506 3309 872 3392 approbata
917 3311 1199 3376 omnium
1246 3331 1564 3378 consensu
1610 3311 1750 3376 fuit.
1828 3310 2033 3394 quue
2079 3316 2264 3376 tauto
2312 3310 2439 3376 feci
2489 3314 2733 3396 majore

392 3412 627 3494 studi0‚
674 3421 749 3479 ut
796 3435 875 3480 ea
920 3416 1139 3482 omilia
1182 3419 1249 3482 in
1299 3417 1463 3482 sesto
1513 3417 1874 3482 nativitatis
1911 3416 2162 3480 Domini
2210 3418 2340 3482 tuis
2389 3416 2737 3484 offerretur

1557 3553 1589 3591 ,ιι

544 3614 559 3657 1
607 3608 845 3660 Dariibcr
893 3616 1015 3675 sagt
1071 3611 1161 3660 der
1206 3611 1337 3660 sobu
1380 3611 1471 3661 des
1511 3613 1796 3678 Gregorius
1835 3613 2160 3677 Lampartcr,
2203 3613 2566 3679 Hieronymus
2601 3617 2740 3666 Mos-

390 3695 671 3748 bachensis
709 3701 1047 3765 paepositus,
1102 3699 1193 3750 dcr
1232 3699 1584 3766 herausgebcr
1621 3699 1792 3750 dieser
1830 3697 2012 3750 schrift
2060 3701 2112 3750 in
2152 3702 2323 3752 seiuer
2363 3703 2636 3773 widmung
2677 3726 2738 3757 au

386 3784 555 3852 konig
595 3785 912 3838 Perdinand:
964 3787 1112 3837 Hauc
1152 3790 1444 3838 oration-em
1483 3787 1793 3854 Cyziceusis
1833 3790 2065 3854 episcopi
2109 3790 2286 3840 Procli
2329 3791 2393 3841 de
2431 3793 2740 3846 admirando

388 3875 476 3924 τοῦ
526 3875 748 3943 σωτῆρος
804 3877 968 3926 nostri
1020 3884 1201 3942 partu,
1253 3893 1420 3943 nuper
1483 3878 1536 3926 in
1585 3877 1915 3927 bibliotheca
1978 3877 2276 3930 charissimi
2343 3884 2579 3946 parentis
2638 3887 2740 3934 mei

392 3961 458 4012 D.
486 3961 730 4028 Gregorii
773 3963 1114 4031 Lamparther
1153 3982 1182 4014 a
1222 3964 1644 4031 Greyphenstein
1686 3967 1972 4028 inventam,
2013 3966 2110 4016 sub
2150 3976 2249 4016 tuae
2288 3969 2582 4033 majestatis
2619 3988 2742 4024 cum

387 4050 599 4101 nomine
625 4056 733 4101 tum
763 4052 975 4102 numine
1000 4069 1206 4118 quoque
1245 4054 1508 4119 invuigari
1545 4053 1706 4104 volui.
1782 4054 1950 4115 Quam
1979 4057 2291 4120 orationem,
2333 4057 2416 4108 vel
2445 4066 2501 4110 ut
2525 4061 2737 4112 authori

381 4139 488 4204 ipsi
542 4138 809 4205 adpellare
856 4140 1055 4206 placuit
1108 4135 1299 4209 ὁμιλίαν
1356 4143 1484 4192 olim
1538 4142 1694 4192 trium
1751 4141 2134 4210 praecipuarum
2184 4144 2488 4212 linguarum
2536 4149 2742 4200 incom-

386 4225 643 4293 parabilis
699 4227 936 4278 adsertor
977 4229 1297 4279 Reuehiinus
1346 4246 1373 4279 e
1424 4245 1596 4295 graeco
1637 4245 1865 4293 versam,
1905 4233 2106 4296 parenti
2147 4249 2264 4282 meo
2306 4244 2357 4284 et
2393 4235 2742 4303 inscripserat

388 4323 441 4364 et
488 4322 739 4380 tanquam
792 4317 949 4382 louge
1008 4319 1470 4384 pretiosissimam,
1519 4333 1624 4368 nou
1663 4335 1692 4369 e
1728 4319 2039 4385 Taprobane
2081 4336 2182 4371 non
2234 4339 2301 4372 ex
2351 4323 2524 4386 India,
2573 4327 2670 4376 sed
2713 4343 2742 4375 e

388 4401 782 4453 foecundissimo
840 4404 1111 4456 literarum
1164 4419 1455 4472 graecarum
1517 4421 1717 4458 oceano
1771 4407 2054 4461 collectam
2109 4408 2327 4464 donarat
2393 4413 2740 4484 margaritam

391 4490 437 4552 Α
476 4489 545 4542 ἱίῑ.)
584 4489 696 4556 (der
734 4489 874 4548 brief
902 4492 971 4550 int
1010 4507 1105 4547 aus
1143 4493 1425 4571 Tiibingen
1472 4501 1492 4542 ι
1535 4493 1658 4554 Jau,
1705 4497 1882 4569 1529).
