2950 5042
1627 390 1758 457 284

460 568 469 576 ⁰
500 575 571 650 in
616 577 941 650 discendis
977 579 1413 668 juvandisque
1444 581 1656 648 literis
1686 588 1936 662 actam,
1981 581 2146 648 bene
2190 582 2408 650 habet.
2479 580 2580 646 Nil
2619 579 2798 665 potuit

500 693 659 755 tuuc
726 688 890 754 livor
950 686 1256 755 inertium
1322 693 1391 754 et
1454 709 1573 772 ego
1632 695 1837 755 testes-
1889 687 2099 756 habeo
2159 694 2336 755 recte
2396 688 2646 754 imbutae·
2687 688 2796 772 ejus

500 795 714 861 aetatis
760 795 1005 879 passim
1036 793 1213 878 apud
1246 793 1610 861 Germanos
1655 816 1732 861 ac
1763 780 1984 861 Gallos
2033 815 2160 861 uon
2203 816 2445 880 paucos
2489 793 2798 860 autoritate
2897 784 2899 928 Ι

500 921 755 967 summa
800 901 971 966 viros
992 951 1007 980 ,
1056 901 1167 986 qui
1210 906 1353 967 tum
1380 900 1614 966 iisdem
1666 921 1798 966 una
1841 921 2094 968 mecum
2146 901 2485 986 stipendiis
2529 919 2799 966 meruere.
2897 931 2899 988 ἓ

500 1007 643 1074 Iam
686 1006 907 1073 civiles
952 1027 1201 1074 caussae
1246 1005 1634 1086 obruebant,
1679 1008 1746 1072 in
1792 1006 1934 1073 foro
1980 1007 2293 1075 versabar
2311 1057 2326 1086 ,
2373 1005 2803 1091 potentissimo-

502 1124 651 1180 rum
696 1112 1061 1180 Germaniae
1107 1113 1472 1197 principum
1522 1112 1806 1179 consiliis
1851 1113 2220 1179 intereram.
2281 1114 2442 1178 Post
2487 1111 2704 1178 deinde
2739 1110 2804 1177 ad
2897 1105 2899 1108 ⁴

500 1239 818 1286 summam
851 1219 1303 1286 triumviratus
1337 1218 1582 1286 Sueviae
1625 1219 2008 1304 dignitatem
2039 1218 2286 1286 electus
2315 1241 2512 1305 quem
2553 1217 2804 1284 undecim

506 1345 711 1392 annos
730 1328 751 1364 ²
813 1327 1153 1392 continuos
1199 1326 1387 1410 gessi,
1463 1346 1652 1410 saepe·
1688 1325 2092 1391 imminentia
2145 1326 2378 1410 patriae
2437 1325 2606 1391 bella
2659 1326 2802 1410 justo

500 1430 816 1499 tribunali
846 1431 1276 1512 demoveram‚
1308 1452 1389 1497 ne
1414 1437 1553 1497 tum
1581 1430 1844 1519 quidem
1872 1433 2231 1516 peregrinis
2267 1432 2506 1499 studiis
2525 1431 2804 1516 neglectis.

678 1537 822 1602 Hac
886 1537 1087 1603 veluti
1142 1537 1482 1603 occasione
1529 1557 1686 1603 usus
1746 1537 2076 1604 interdum
2121 1537 2206 1603 ad
2251 1537 2521 1604 hebraea
2563 1537 2796 1604 animum
2899 1529 2901 1538 '

504 1643 769 1727 contuli,
815 1643 1094 1710 deerant
1140 1644 1312 1709 enim
1357 1643 1587 1709 adhuc.
1679 1643 1846 1708 Tum
1892 1644 2072 1726 gravi
2130 1664 2276 1709 meo
2320 1643 2646 1728 impendio
2685 1642 2801 1708 doc-

495 1750 817 1816 tissimum
863 1769 1161 1836 querique
1208 1748 1665 1816 hebraicorum
1711 1755 2056 1816 auctorare
2105 1755 2579 1834 praeceptorem
2607 1750 2790 1816 solitus
2901 1759 2903 1766 '

496 1877 645 1922 cum
696 1856 854 1941 ipsis
918 1873 1180 1942 quoque
1230 1854 1475 1940 Apellis
1523 1877 1907 1940 congressus
1929 1906 1944 1935 ,
2003 1860 2324 1940 quatenus
2373 1855 2620 1922 homini
2659 1854 2791 1922 Chri-

498 1962 711 2028 stiano
756 1962 921 2047 phas
953 1968 1145 2042 esset,
1191 1963 1289 2028 ita
1318 1962 1477 2027 nihil
1509 1983 1550 2026 a
1579 1983 1682 2028 me
1727 1983 1856 2026 non
1901 1960 2128 2027 datum
2161 1966 2262 2028 est
2291 1961 2549 2046 pietati.
2599 1959 2782 2026 Adrisit

500 2067 722 2134 hercle
781 2068 995 2134 animo
1067 2066 1375 2134 hebraica
1440 2069 1680 2152 peritia
1696 2120 1710 2148 ,
1777 2067 1984 2152 primo
2057 2068 2212 2153 quia
2279 2073 2520 2152 suopte
2587 2064 2784 2150 ingenio
2904 2077 2905 2124 1

488 2172 797 2260 jucunda,
856 2173 1089 2239 deinde
1162 2174 1317 2258 quia
1384 2195 1616 2258 magno
1676 2172 2020 2240 videbatur
2094 2174 2244 2239 usui
2301 2172 2562 2253 futura,
2621 2190 2793 2239 sacras

498 2279 655 2348 olim
697 2283 1037 2346 versatur-o
1082 2278 1327 2345 literas.
1419 2279 1514 2345 Eo
1552 2281 1689 2364 jam
1737 2287 1876 2346 tum
1941 2286 2010 2344 et
2068 2278 2274 2344 omnis
2319 2285 2636 2346 anteactae
2677 2278 2791 2341 vitae
2903 2271 2905 2274 ⁴

494 2385 718 2453 studia
772 2390 840 2451 et
900 2385 1107 2451 omnis
1153 2385 1351 2450 animi
1396 2391 1705 2465 conatus,
1768 2386 1824 2450 si
1885 2383 1999 2470 qui
2043 2405 2171 2450 non
2231 2382 2552 2452 infoelices
2603 2385 2790 2461 forent,

496 2491 880 2560 referebam.
992 2490 1253 2558 Christo
1324 2491 1626 2558 addictus
1689 2491 1906 2558 omnia
1974 2488 2397 2556 devolvebam
2475 2491 2795 2558 christiana
2905 2510 2907 2578 ς

495 2597 788 2666 ecclesiae
832 2596 936 2664 vel
980 2596 1291 2681 augendis
1337 2596 1439 2662 vel
1485 2596 1905 2664 honestandis
1953 2594 2164 2662 rebus.
2247 2596 2450 2662 Nulla
2493 2618 2594 2664 me
2635 2595 2797 2661 fames
2906 2579 2907 2614 ³

500 2704 646 2772 auri
668 2704 765 2787 (id
793 2704 1007 2788 ipsum
1038 2703 1207 2769 enim
1254 2702 1618 2768 liberaliter
1647 2701 2072 2787 prodigebam
2103 2701 2170 2766 in
2201 2701 2438 2768 horum
2485 2702 2800 2770 studiorum

494 2807 823 2896 sumptus)
868 2809 1089 2893 adegit
1134 2808 1221 2874 ad
1267 2808 1576 2874 hebraica
1621 2808 1931 2894 mysteria
1977 2807 2302 2874 discenda.
2399 2808 2461 2872 N
2465 2807 2596 2874 ulla
2638 2803 2804 2872 inanis

495 2917 714 3003 gloriae
762 2917 922 2995 sitis,
969 2936 1049 2981 ea
1096 2915 1266 2980 enim
1313 2914 1532 2980 studia
1593 2921 1732 2979 tum
1777 2913 2051 2979 celanda
2098 2912 2284 2996 vulgo
2331 2920 2542 2994 erant,
2575 2919 2645 2979 ut
2685 2929 2801 2996 quae

498 3024 565 3089 in
612 3028 801 3089 tanta
848 3021 1163 3106 dignitate
1210 3020 1568 3086 constituto
1613 3019 1993 3086 viderentur
2037 3018 2428 3085 indecentia.

673 3127 819 3194 Non
864 3149 967 3193 me
1016 3133 1214 3206 tenet,
1248 3125 1552 3206 Adriane,
1599 3147 1728 3190 non
1775 3132 1956 3192 tenet
1999 3124 2066 3190 in
2113 3123 2213 3190 his
2281 3124 2651 3192 excolendis
2689 3119 2804 3187 auri

450 3267 455 3272 ·
496 3234 819 3301 scelerata
864 3232 1121 3318 cupido.
1182 3233 1447 3316 Ingenio
1493 3231 1720 3297 trahor
1767 3238 1834 3298 et
1877 3251 2099 3296 amore
2133 3230 2418 3314 pietatis.
2468 3228 2809 3315 Sanguinem

494 3342 657 3409 Jesu
703 3340 980 3420 Christi,
1038 3339 1150 3424 qui
1212 3337 1636 3404 medullatam
1693 3357 1835 3403 sese
1899 3359 2016 3421 pro
2075 3336 2262 3404 nobis
2329 3337 2616 3404 hostiam
2665 3331 2804 3420 patri

500 3447 757 3528 obtulit,
788 3451 1001 3512 testor
1029 3465 1133 3510 me
1163 3465 1518 3530 numquam
1564 3465 1605 3509 a
1651 3443 1693 3509 J
1696 3443 1896 3510 udaeis
1925 3442 2063 3509 ulla
2091 3442 2196 3508 vel
2240 3444 2388 3508 auri
2435 3442 2538 3509 vel
2589 3436 2801 3525 argenti

496 3554 688 3634 dona,
735 3552 1019 3639 praemia,
1064 3571 1335 3617 munera
1378 3551 1725 3634 recepisse,
1779 3548 1976 3614 nullis
2021 3569 2124 3614 me
2174 3548 2408 3633 opibus
2453 3567 2726 3634 unquam
2747 3561 2803 3604 ve

492 3659 562 3726 in
604 3659 729 3726 hoc
775 3658 975 3724 etiam
1032 3663 1170 3722 tam
1230 3656 1540 3722 diuturno
1603 3655 1772 3721 bello
1831 3654 2005 3738 quod
2057 3653 2406 3720 adversum
2465 3675 2568 3720 me
2624 3657 2713 3717 tot
2755 3650 2808 3712 et

494 3772 633 3832 tam
681 3764 911 3830 divites
959 3762 1419 3843 mendicantes,
1466 3769 1606 3828 tam
1651 3760 1948 3828 crudeles
1992 3759 2216 3826 hostes
2249 3766 2484 3844 gerunt
2531 3757 2802 3843 adjutum.

494 3870 651 3949 Nec,
696 3876 774 3936 ut
816 3869 1062 3953 opinor,
1109 3869 1415 3935 dubitant
1459 3868 1660 3953 siqui
1704 3889 1834 3931 non
1862 3866 2160 3950 improbo
2199 3866 2450 3951 judicio
2488 3866 2628 3930 vitae
2669 3879 2798 3926 meae

493 3975 781 4044 rationes
828 3981 1200 4060 cognorunt.
1294 3976 1376 4040 Et
1423 3979 1576 4040 sunt
1627 3979 1878 4052 tamen,
1927 3978 2001 4038 ut
2045 3971 2159 4037 ille
2211 3993 2492 4056 graecus
2537 3972 2630 4037 ait
2669 3959 2810 4032 δόλιά

493 4107 632 4148 τινα
678 4081 1090 4170 βουλευτήρια,
1124 4071 1359 4168 ψευδῶν
1422 4080 1682 4167 &vax-rep
1746 4078 2196 4169 μηχανόῥραφοι
2239 4090 2445 4143 κακῶν
2493 4081 2691 4142 ἑλικτα
2725 4069 2806 4134 καὶ

494 4180 667 4253 οὐδὲν
742 4186 901 4278 ὑγιὲς
938 4186 962 4224 ²
1010 4187 1124 4270 qui
1184 4191 1415 4252 contra
1443 4185 1608 4268 phas
1671 4185 2002 4251 hominum
2065 4182 2386 4269 deumque
2457 4177 2806 4267 nequissime

1669 4333 1701 4368 >12

646 4425 668 4470 1
712 4419 968 4470 Undecim
1005 4420 1189 4487 annos]
1226 4419 1356 4472 iiber
1394 4420 1494 4472 den
1534 4421 1697 4474 werth
1738 4421 1911 4472 dieser
1949 4420 2103 4471 stelle
2140 4419 2248 4487 vgl.
2291 4420 2458 4470 meine
2499 4411 2799 4476 abhandlung

496 4507 630 4562 iiber
668 4507 1081 4564 Melanohthons
1118 4511 1284 4570 oratio
1322 4525 1364 4560 s.
1405 4511 1470 4571 29
1513 4511 1568 4569 ff.
1715 4515 1744 4560 2
1783 4510 1967 4586 Eut-ip.
2018 4508 2178 4566 Andr.
2218 4525 2269 4566 v.
2309 4513 2411 4566 447
2449 4507 2498 4564 ff.
