2950 5042
1320 397 1455 463 293

244 581 593 672 cophant'as,
639 609 847 673 usque
902 588 989 654 ad
1042 588 1360 655 medullas
1408 587 1782 655 Leodiensis
1829 589 2172 674 episcopus
2241 588 2557 654 Gallicum

244 695 565 779 explicavit
630 694 904 775 nodum,
962 693 1307 780 adjunctus
1356 693 1953 780 Burgundionibus,
2011 715 2154 779 quae
2215 715 2323 760 res
2368 694 2558 761 facile

243 797 459 864 efficiet
518 806 592 864 ut
648 799 833 866 nobis
879 821 1137 885 quoque
1186 799 1475 879 accedat,
1526 800 1765 884 possim
1825 799 2073 884 aliquid
2133 799 2308 883 apud
2355 799 2556 867 illum.

240 905 381 974 Cum
426 904 717 970 veneris¹
764 904 849 970 ad
895 926 1047 988 nos,
1094 903 1340 971 curabo
1389 911 1463 972 ut
1508 906 1724 973 omnia
1767 929 1886 992 pro
1933 907 2100 972 votis
2147 906 2418 986 nostris,
2467 905 2558 972 nil

238 1009 343 1075 tibi
394 1031 575 1095 aeque
631 1009 991 1078 conducere
1055 1017 1279 1096 posset
1342 1033 1540 1098 qua-m
1601 1033 1672 1078 es
1723 1010 2034 1097 principis
2089 1011 2288 1078 favor.
2379 1013 2554 1080 Bene

237 1113 379 1182 vale.
425 1116 724 1183 Coloniae.
786 1109 831 1126 ⁶

392 1240 711 1303 Gedruckt:
746 1262 830 1300 =
858 1244 916 1303 J.
978 1262 1031 1303 v.
1081 1259 1136 1303 e.
1185 1249 1227 1304 t.
1278 1238 1354 1304 3¹³
1401 1243 1492 1304 bis
1536 1250 1578 1304 t.
1631 1247 1734 1317 4⁸3
1794 1243 2034 1320 (daraus
2083 1260 2193 1302 nur
2235 1243 2548 1306 theilweise

232 1348 283 1406 in
322 1348 479 1408 Hutt.
513 1366 649 1424 opp.
697 1349 790 1410 ed.
840 1349 1101 1426 Bocking
1144 1349 1191 1423 1,
1240 1365 1286 1410 s.
1343 1351 1465 1408 148
1513 1346 1583 1424 f.)

1256 1613 1493 1682 chv.

352 1704 503 1756 calu.
2061 1709 2080 1755 1
2125 1704 2232 1754 Mai
2271 1707 2477 1770 (1518).

444 1793 923 1868 Hermannus
978 1818 1221 1868 comes
1276 1792 1700 1869 Nuenarius
1755 1819 1854 1868 an
1909 1792 2298 1868 Reuchlin.

384 1957 709 2042 Hestigste
798 1957 1231 2044 widerlegung
1299 1958 1417 2025 der
1494 1957 2136 2024 Hocbstratenschen
2223 1955 2544 2044 apologia,

224 2083 325 2128 aus
385 2063 500 2130 der
562 2063 721 2128 vielc
786 2061 1067 2130 einzelne
1132 2063 1366 2130 stellen
1413 2063 1791 2149 angefuhrt‚
1854 2067 2214 2148 verspottet
2261 2063 2392 2130 und
2439 2062 2548 2130 be-

224 2165 457 2253 kampft
530 2169 806 2234 werden.
913 2171 1156 2236 Ausser
1234 2167 1541 2235 Reucblin
1628 2170 1882 2235 werden
1945 2167 2304 2235 besonders
2367 2168 2546 2235 Pirk-

223 2270 474 2356 heimer‚
546 2275 863 2362 Georgius
911 2275 1260 2362 Benignus,
1328 2275 1569 2341 Martin
1615 2274 1903 2358 Groning
1965 2273 2357 2360 vertheidigt
2414 2273 2548 2340 und

220 2379 416 2460 gelobt
448 2382 491 2446 2.
590 2382 710 2445 Am
756 2381 1008 2448 schluss
1054 2381 1259 2448 heisst
1305 2401 1406 2448 es:
1469 2381 1526 2447 si
1573 2380 1740 2446 enim
1803 2379 2026 2468 (niiml.
2077 2379 2542 2464 Hochstraten)

220 2505 400 2552 sacrae
444 2507 721 2571 poeseos
769 2485 1003 2552 merita
1048 2487 1307 2574 ignorat
1353 2487 1409 2553 si
1456 2508 1642 2552 veros
1689 2484 2024 2570 theologos
2057 2485 2260 2570 ipsius
2305 2507 2546 2571 praeco-

216 2588 329 2656 nia‘
369 2593 635 2678 scriptis
700 2591 1123 2673 extollentes,
1190 2615 1316 2658 non
1362 2591 1559 2678 legit,
1624 2599 1740 2658 aut
1787 2591 2050 2670 didicit,
2116 2588 2290 2677 quod
2357 2591 2543 2656 valde

216 2697 495 2786 equidem
554 2696 967 2778 crediderim,
1011 2699 1369 2783 perlustret
1414 2696 1659 2764 vallum
1695 2696 1955 2762 Buschii
1990 2697 2016 2736 ⁸
2057 2697 2174 2761 viri
2218 2694 2548 2780 undequa-

216 2823 322 2886 que
354 2802 768 2883 ornatissimi‚
816 2809 890 2869 ut
937 2803 1200 2870 tandem
1227 2825 1422 2869 senex
1456 2803 1672 2870 factus
1720 2801 1946 2883 discat,
1995 2823 2138 2888 quae
2169 2823 2333 2888 puer
2380 2802 2546 2868 scire

215 2905 529 2990 debuerat,
583 2915 721 2974 tum
770 2908 1085 2976 fatebitur
1139 2907 1442 2995 injuriam
1500 2911 1625 2976 sibi
1687 2910 1928 2976 factam
1991 2908 2164 2994 quod
2213 2905 2546 2994 hucusque

214 3011 531 3100 theologus
582 3015 668 3081 sit
712 3013 992 3097 habitus,
1041 3017 1154 3102 qui
1199 3039 1277 3082 ea
1321 3017 1580 3102 ignoret
1628 3039 1770 3104 qnae
1819 3015 1902 3082 de
1947 3014 2070 3082 hac
2119 3037 2189 3080 re
2239 3015 2544 3081 certatim

212 3138 247 3180 a
286 3121 707 3187 sanctissimis
754 3121 907 3187 viris
954 3125 1279 3189 memoriae
1336 3125 1791 3202 commendata
1839 3131 2009 3189 sunt.
2101 3121 2187 3187 Et
2234 3122 2314 3187 de
2364 3121 2546 3206 nugis

213 3219 330 3288 haec
377 3227 641 3312 quidem
690 3228 985 3310 paucula.
1050 3227 1183 3294 Nos
1232 3251 1381 3295 vero
1429 3229 1692 3295 interim
1725 3228 1958 3295 studiis
1991 3227 2230 3294 nostris
2277 3247 2546 3312 operam

212 3327 436 3414 demuS,
484 3339 555 3398 et
601 3355 791 3418 quam
842 3333 1067 3401 ludere
1099 3333 1451 3424 aliquando
1484 3334 1731 3416 libebit,
1779 3333 1983 3400 habes
2021 3335 2161 3421 jam
2207 3355 2546 3418 argumen-

211 3439 350 3518 tum,
398 3461 527 3523 quo
561 3446 627 3505 te
676 3462 977 3506 exercere
1010 3443 1241 3526 possis,
1290 3443 1490 3508 etiam
1523 3463 1730 3528 usque
1763 3442 1848 3506 ad
1881 3442 2100 3508 risum.
2163 3440 2341 3520 Vale,
2375 3461 2544 3505 com-

211 3545 402 3610 munis
448 3543 682 3632 patriae
730 3554 1198 3612 ornamentum.
1292 3549 1377 3614 Et
1422 3570 1524 3613 me
1574 3570 1762 3635 quem
1813 3567 1994 3614 amas
2041 3548 2145 3613 fac
2191 3543 2544 3632 impensius

214 3654 275 3712 ut
319 3671 496 3718 ames
545 3651 843 3719 Coloniae.
902 3653 1227 3720 Calendas
1274 3651 1504 3738 Majas.
2019 3653 2024 3656 ’

1356 3801 1393 3840 fik

346 3907 367 3952 1
408 3905 542 3954 Cum
584 3906 789 3956 veneris
838 3907 901 3956 ad
956 3907 1070 3974 nos]
1122 3906 1258 3958 nach
1308 3908 1480 3958 dieser
1528 3907 1633 3958 und
1675 3907 1820 3958 einer
1859 3907 1930 3958 im
1972 3906 2140 3957 briefo
2179 3905 2272 3956 des
2310 3905 2548 3956 Thomas

211 3987 467 4043 Truchsess
504 4009 622 4043 vom
662 3999 723 4044 21
764 3994 887 4045 Jan.
922 3996 1054 4044 1518
1094 3995 1207 4046 sich
1237 3996 1515 4046 findenden
1545 3997 1715 4058 stelle,
1755 3997 1807 4046 in
1848 3995 1940 4045 der
1973 3995 2146 4046 dieser
2184 3995 2294 4046 ihm
2333 3993 2547 4044 sreund-

214 4073 338 4128 liche
376 4083 655 4134 aufnahme
694 4083 985 4144 zusicliert,
1035 4101 1181 4134 wenn
1224 4101 1279 4135 er
1316 4101 1381 4136 zu
1420 4085 1527 4134 ihm
1570 4087 1742 4147 kilino,
1782 4085 1990 4135 schoint
2031 4083 2288 4134 Reuchlin
2331 4082 2414 4133 die
2454 4083 2546 4134 ab·

210 4165 336 4218 siclit
369 4171 567 4236 gebabt
608 4189 670 4222 zu
711 4174 902 4236 haben,
940 4173 1025 4224 die
1051 4173 1498 4241 Rheingegenden
1541 4189 1602 4222 zu
1643 4172 1936 4234 besuehcm
1976 4171 2115 4222 doch
2152 4173 2221 4222 ist
2258 4187 2358 4221 von
2401 4171 2546 4222 einer

213 4257 529 4326 ausfflhrung
566 4260 657 4311 des
694 4261 877 4328 planes
926 4263 1101 4313 nichts
1150 4262 1400 4313 bekannt.
1550 4267 1578 4314 2
1630 4246 1775 4312 &ber
1811 4261 1910 4311 den
1961 4260 2096 4311 brief
2135 4260 2242 4326 vgl.
2282 4259 2541 4312 Reucblin

214 4355 249 4390 ι.
284 4349 381 4396 414
418 4349 493 4414 fg.
638 4352 667 4400 3
714 4351 1007 4401 Hei-manns
1048 4351 1245 4402 anch:
1297 4352 1500 4402 vallum
1541 4349 1884 4401 humanitatis
1929 4351 2092 4410 1518,
2144 4347 2230 4401 die
2268 4348 2543 4404 beriihmte

213 4433 818 4505 vertheidigungsscbrift
870 4439 962 4494 der
1020 4439 1468 4498 humanistischen
1535 4437 1746 4492 studien
1803 4451 1974 4510 gegen
2040 4437 2124 4490 dio
2179 4439 2405 4507 angi-iffa
2453 4439 2545 4493 dor

215 4517 497 4596 theologen.
