<?xml version="1.0" encoding="UTF-8"?>
<!DOCTYPE html PUBLIC "-//W3C//DTD XHTML 1.0 Transitional//EN"
    "http://www.w3.org/TR/xhtml1/DTD/xhtml1-transitional.dtd">
<html xmlns="http://www.w3.org/1999/xhtml" xml:lang="en" lang="en">
 <head>
  <title>
</title>
<meta http-equiv="Content-Type" content="text/html;charset=utf-8" />
  <meta name='ocr-system' content='tesseract 3.04.00' />
  <meta name='ocr-capabilities' content='ocr_page ocr_carea ocr_par ocr_line ocrx_word'/>
</head>
<body>
  <div class='ocr_page' id='page_1' title='image "./johannreuchlins00geiggoog/johannreuchlins00geiggoog_0145.png"; bbox 0 0 2950 5042; ppageno 0'>
   <div class='ocr_carea' id='block_1_1' title="bbox 1244 386 1373 457">
    <p class='ocr_par' dir='ltr' id='par_1_1' title="bbox 1244 386 1373 457">
     <span class='ocr_line' id='line_1_1' title="bbox 1244 386 1373 457; baseline 0.016 -2"><span class='ocrx_word' id='word_1_1' title='bbox 1244 386 1373 457; x_wconf 81' lang='lat'><strong>135</strong></span> 
     </span>
    </p>
   </div>
   <div class='ocr_carea' id='block_1_2' title="bbox 293 580 2401 736">
    <p class='ocr_par' dir='ltr' id='par_1_2' title="bbox 293 580 2401 736">
     <span class='ocr_line' id='line_1_2' title="bbox 1148 580 1461 649; baseline 0 -2"><span class='ocrx_word' id='word_1_2' title='bbox 1148 580 1461 649; x_wconf 80' lang='lat' dir='ltr'>CXXVII.</span> 
     </span>
     <span class='ocr_line' id='line_1_3' title="bbox 293 668 2401 736; baseline 0.001 -18"><span class='ocrx_word' id='word_1_3' title='bbox 293 668 551 735; x_wconf 74' lang='lat' dir='ltr'><strong>stuttgart.</strong></span> <span class='ocrx_word' id='word_1_4' title='bbox 1957 672 2024 720; x_wconf 74' lang='lat'><strong>80</strong></span> <span class='ocrx_word' id='word_1_5' title='bbox 2063 668 2204 736; x_wconf 78' lang='lat' dir='ltr'><strong>Sept.</strong></span> <span class='ocrx_word' id='word_1_6' title='bbox 2249 670 2401 721; x_wconf 78' lang='lat'><strong>1511.</strong></span> 
     </span>
    </p>
   </div>
   <div class='ocr_carea' id='block_1_3' title="bbox 174 744 2462 873">
    <p class='ocr_par' dir='ltr' id='par_1_3' title="bbox 174 744 2462 873">
     <span class='ocr_line' id='line_1_4' title="bbox 174 744 2462 873; baseline -0 -24"><span class='ocrx_word' id='word_1_7' title='bbox 174 777 215 849; x_wconf 85' lang='lat' dir='ltr'><strong>J</strong></span> <span class='ocrx_word' id='word_1_8' title='bbox 217 798 463 853; x_wconf 83' lang='lat' dir='ltr'><strong>oannes</strong></span> <span class='ocrx_word' id='word_1_9' title='bbox 516 774 886 851; x_wconf 84' lang='lat' dir='ltr'><strong>Reuchlin</strong></span> <span class='ocrx_word' id='word_1_10' title='bbox 922 744 1088 851; x_wconf 89' lang='lat' dir='ltr'><strong>LL.</strong></span> <span class='ocrx_word' id='word_1_11' title='bbox 1152 775 1409 849; x_wconf 88' lang='lat' dir='ltr'><strong>doctor</strong></span> <span class='ocrx_word' id='word_1_12' title='bbox 1461 772 1783 851; x_wconf 88' lang='lat' dir='ltr'><strong>Nicolao</strong></span> <span class='ocrx_word' id='word_1_13' title='bbox 1839 772 2218 873; x_wconf 86' lang='lat' dir='ltr'><strong>Ellenbog</strong></span> <span class='ocrx_word' id='word_1_14' title='bbox 2253 772 2328 851; x_wconf 81' lang='lat' dir='ltr'><strong>S.</strong></span> <span class='ocrx_word' id='word_1_15' title='bbox 2389 771 2462 849; x_wconf 88' lang='lat' dir='ltr'><strong>d.</strong></span> 
     </span>
    </p>
   </div>
   <div class='ocr_carea' id='block_1_4' title="bbox 170 936 2478 1863">
    <p class='ocr_par' dir='ltr' id='par_1_4' title="bbox 170 936 2478 1863">
     <span class='ocr_line' id='line_1_5' title="bbox 318 936 2476 1024; baseline -0.001 -20"><span class='ocrx_word' id='word_1_16' title='bbox 318 939 613 1017; x_wconf 83' lang='lat' dir='ltr'><strong>Quamvis</strong></span> <span class='ocrx_word' id='word_1_17' title='bbox 674 938 946 1005; x_wconf 89' lang='lat' dir='ltr'><strong>obrutus</strong></span> <span class='ocrx_word' id='word_1_18' title='bbox 1000 960 1189 1024; x_wconf 86' lang='lat' dir='ltr'><strong>poene</strong></span> <span class='ocrx_word' id='word_1_19' title='bbox 1263 938 1703 1022; x_wconf 79' lang='lat' dir='ltr'><strong>magnitudine</strong></span> <span class='ocrx_word' id='word_1_20' title='bbox 1766 936 2201 1023; x_wconf 78' lang='lat' dir='ltr'><strong>negotiorum,</strong></span> <span class='ocrx_word' id='word_1_21' title='bbox 2257 942 2476 1002; x_wconf 89' lang='lat' dir='ltr'><strong>tamen</strong></span> 
     </span>
     <span class='ocr_line' id='line_1_6' title="bbox 173 1042 2471 1129; baseline -0.001 -19"><span class='ocrx_word' id='word_1_22' title='bbox 173 1046 525 1111; x_wconf 87' lang='lat' dir='ltr'><strong>amicissimo</strong></span> <span class='ocrx_word' id='word_1_23' title='bbox 558 1044 679 1109; x_wconf 91' lang='lat' dir='ltr'><strong>tibi</strong></span> <span class='ocrx_word' id='word_1_24' title='bbox 705 1065 829 1109; x_wconf 93' lang='lat' dir='ltr'><strong>non</strong></span> <span class='ocrx_word' id='word_1_25' title='bbox 860 1043 1251 1127; x_wconf 87' lang='lat' dir='ltr'><strong>respondere</strong></span> <span class='ocrx_word' id='word_1_26' title='bbox 1283 1064 1408 1110; x_wconf 87' lang='lat' dir='ltr'><strong>non</strong></span> <span class='ocrx_word' id='word_1_27' title='bbox 1441 1044 1644 1129; x_wconf 89' lang='lat' dir='ltr'><strong>potui.</strong></span> <span class='ocrx_word' id='word_1_28' title='bbox 1707 1042 1891 1109; x_wconf 80' lang='lat' dir='ltr'><strong>Facit</strong></span> <span class='ocrx_word' id='word_1_29' title='bbox 1921 1042 2042 1110; x_wconf 91' lang='lat' dir='ltr'><strong>hoc</strong></span> <span class='ocrx_word' id='word_1_30' title='bbox 2073 1042 2471 1127; x_wconf 85' lang='lat' dir='ltr'><strong>ingensamo-</strong></span> 
     </span>
     <span class='ocr_line' id='line_1_7' title="bbox 171 1146 2478 1234; baseline -0.001 -20"><span class='ocrx_word' id='word_1_31' title='bbox 171 1151 241 1215; x_wconf 89' lang='lat' dir='ltr'><strong>ris</strong></span> <span class='ocrx_word' id='word_1_32' title='bbox 298 1170 443 1233; x_wconf 84' lang='lat' dir='ltr'><strong>erga</strong></span> <span class='ocrx_word' id='word_1_33' title='bbox 499 1155 567 1215; x_wconf 92' lang='lat' dir='ltr'><strong>te</strong></span> <span class='ocrx_word' id='word_1_34' title='bbox 632 1149 759 1214; x_wconf 91' lang='lat' dir='ltr'><strong>mei</strong></span> <span class='ocrx_word' id='word_1_35' title='bbox 824 1170 1017 1231; x_wconf 85' lang='lat' dir='ltr'><strong>rogus</strong></span> <span class='ocrx_word' id='word_1_36' title='bbox 1080 1170 1208 1234; x_wconf 90' lang='lat' dir='ltr'><strong>quo</strong></span> <span class='ocrx_word' id='word_1_37' title='bbox 1278 1156 1500 1215; x_wconf 83' lang='lat' dir='ltr'><strong>aestuo.</strong></span> <span class='ocrx_word' id='word_1_38' title='bbox 1607 1147 1736 1215; x_wconf 85' lang='lat' dir='ltr'><strong>Sed</strong></span> <span class='ocrx_word' id='word_1_39' title='bbox 1809 1146 1997 1215; x_wconf 88' lang='lat' dir='ltr'><strong>dabis</strong></span> <span class='ocrx_word' id='word_1_40' title='bbox 2068 1146 2320 1213; x_wconf 87' lang='lat' dir='ltr'><strong>veniam</strong></span> <span class='ocrx_word' id='word_1_41' title='bbox 2372 1166 2478 1211; x_wconf 86' lang='lat' dir='ltr'><strong>ca-</strong></span> 
     </span>
     <span class='ocr_line' id='line_1_8' title="bbox 171 1232 2472 1339; baseline -0.002 -19"><span class='ocrx_word' id='word_1_42' title='bbox 171 1255 307 1320; x_wconf 89' lang='lat' dir='ltr'><strong>lamo</strong></span> <span class='ocrx_word' id='word_1_43' title='bbox 352 1276 541 1339; x_wconf 89' lang='lat' dir='ltr'><strong>quem</strong></span> <span class='ocrx_word' id='word_1_44' title='bbox 587 1255 654 1320; x_wconf 90' lang='lat' dir='ltr'><strong>iu</strong></span> <span class='ocrx_word' id='word_1_45' title='bbox 702 1259 887 1319; x_wconf 90' lang='lat' dir='ltr'><strong>tanta</strong></span> <span class='ocrx_word' id='word_1_46' title='bbox 914 1232 1347 1320; x_wconf 52' lang='lat' dir='ltr'><strong>&#39;lestinatione</strong></span> <span class='ocrx_word' id='word_1_47' title='bbox 1394 1254 1753 1339; x_wconf 81' lang='lat' dir='ltr'><strong>elegantius</strong></span> <span class='ocrx_word' id='word_1_48' title='bbox 1798 1274 2036 1339; x_wconf 88' lang='lat' dir='ltr'><strong>parare</strong></span> <span class='ocrx_word' id='word_1_49' title='bbox 2079 1272 2208 1317; x_wconf 89' lang='lat' dir='ltr'><strong>nou</strong></span> <span class='ocrx_word' id='word_1_50' title='bbox 2271 1249 2472 1335; x_wconf 92' lang='lat' dir='ltr'><strong>potui.</strong></span> 
     </span>
     <span class='ocr_line' id='line_1_9' title="bbox 172 1356 2472 1444; baseline -0.001 -21"><span class='ocrx_word' id='word_1_51' title='bbox 172 1360 248 1423; x_wconf 88' lang='lat' dir='ltr'><strong>Ad</strong></span> <span class='ocrx_word' id='word_1_52' title='bbox 286 1359 621 1425; x_wconf 87' lang='lat' dir='ltr'><strong>hebraicas</strong></span> <span class='ocrx_word' id='word_1_53' title='bbox 666 1358 889 1425; x_wconf 81' lang='lat' dir='ltr'><strong>literas</strong></span> <span class='ocrx_word' id='word_1_54' title='bbox 938 1360 1437 1426; x_wconf 87' lang='lat' dir='ltr'><strong>conscribendas</strong></span> <span class='ocrx_word' id='word_1_55' title='bbox 1483 1359 1682 1425; x_wconf 90' lang='lat' dir='ltr'><strong>minio</strong></span> <span class='ocrx_word' id='word_1_56' title='bbox 1731 1360 1914 1425; x_wconf 86' lang='lat' dir='ltr'><strong>carui</strong></span> <span class='ocrx_word' id='word_1_57' title='bbox 1945 1378 2072 1444; x_wconf 86' lang='lat' dir='ltr'><strong>quo</strong></span> <span class='ocrx_word' id='word_1_58' title='bbox 2105 1356 2472 1423; x_wconf 83' lang='lat' dir='ltr'><strong>rubricatas</strong></span> 
     </span>
     <span class='ocr_line' id='line_1_10' title="bbox 170 1459 2465 1549; baseline -0.001 -20"><span class='ocrx_word' id='word_1_59' title='bbox 170 1464 263 1530; x_wconf 89' lang='lat' dir='ltr'><strong>tibi</strong></span> <span class='ocrx_word' id='word_1_60' title='bbox 300 1464 521 1530; x_wconf 81' lang='lat' dir='ltr'><strong>literas</strong></span> <span class='ocrx_word' id='word_1_61' title='bbox 552 1462 983 1543; x_wconf 81' lang='lat' dir='ltr'><strong>ostenderem,</strong></span> <span class='ocrx_word' id='word_1_62' title='bbox 1017 1464 1366 1549; x_wconf 83' lang='lat' dir='ltr'><strong>significavi</strong></span> <span class='ocrx_word' id='word_1_63' title='bbox 1396 1477 1630 1543; x_wconf 66' lang='grc' dir='ltr'>Ῥ-ιωππ</span> <span class='ocrx_word' id='word_1_64' title='bbox 1673 1476 1862 1539; x_wconf 53' lang='grc' dir='ltr'><strong>νει-ππ</strong></span> <span class='ocrx_word' id='word_1_65' title='bbox 1907 1462 2161 1529; x_wconf 84' lang='lat' dir='ltr'><strong>duabus</strong></span> <span class='ocrx_word' id='word_1_66' title='bbox 2193 1459 2465 1547; x_wconf 79' lang='lat' dir='ltr'><strong>virgulis</strong></span> 
     </span>
     <span class='ocr_line' id='line_1_11' title="bbox 170 1565 2453 1655; baseline 0 -22"><span class='ocrx_word' id='word_1_67' title='bbox 170 1570 483 1653; x_wconf 89' lang='lat' dir='ltr'><strong>quemlibet</strong></span> <span class='ocrx_word' id='word_1_68' title='bbox 545 1570 988 1635; x_wconf 81' lang='lat' dir='ltr'><strong>characterem</strong></span> <span class='ocrx_word' id='word_1_69' title='bbox 1062 1592 1254 1655; x_wconf 89' lang='lat' dir='ltr'><strong>quem</strong></span> <span class='ocrx_word' id='word_1_70' title='bbox 1310 1578 1383 1635; x_wconf 92' lang='lat' dir='ltr'><strong>tu</strong></span> <span class='ocrx_word' id='word_1_71' title='bbox 1448 1568 1722 1653; x_wconf 87' lang='lat' dir='ltr'><strong>posthac</strong></span> <span class='ocrx_word' id='word_1_72' title='bbox 1791 1568 1988 1634; x_wconf 89' lang='lat' dir='ltr'><strong>minio</strong></span> <span class='ocrx_word' id='word_1_73' title='bbox 2051 1567 2267 1633; x_wconf 88' lang='lat' dir='ltr'><strong>colore</strong></span> <span class='ocrx_word' id='word_1_74' title='bbox 2315 1565 2453 1633; x_wconf 84' lang='lat' dir='ltr'><strong>sive</strong></span> 
     </span>
     <span class='ocr_line' id='line_1_12' title="bbox 174 1672 2465 1757; baseline 0 -19"><span class='ocrx_word' id='word_1_75' title='bbox 174 1695 343 1753; x_wconf 80' lang='lat' dir='ltr'><strong>auree,</strong></span> <span class='ocrx_word' id='word_1_76' title='bbox 388 1675 443 1739; x_wconf 90' lang='lat' dir='ltr'><strong>si</strong></span> <span class='ocrx_word' id='word_1_77' title='bbox 490 1674 693 1755; x_wconf 86' lang='lat' dir='ltr'><strong>voles,</strong></span> <span class='ocrx_word' id='word_1_78' title='bbox 740 1675 1090 1741; x_wconf 85' lang='lat' dir='ltr'><strong>describas.</strong></span> <span class='ocrx_word' id='word_1_79' title='bbox 1184 1676 1289 1741; x_wconf 88' lang='lat' dir='ltr'><strong>Sic</strong></span> <span class='ocrx_word' id='word_1_80' title='bbox 1333 1676 1398 1740; x_wconf 90' lang='lat' dir='ltr'><strong>in</strong></span> <span class='ocrx_word' id='word_1_81' title='bbox 1442 1672 1734 1757; x_wconf 86' lang='lat' dir='ltr'><strong>margine</strong></span> <span class='ocrx_word' id='word_1_82' title='bbox 1781 1680 2003 1739; x_wconf 87' lang='lat' dir='ltr'><strong>ternos</strong></span> <span class='ocrx_word' id='word_1_83' title='bbox 2050 1672 2465 1740; x_wconf 76' lang='lat' dir='ltr'><strong>characteres</strong></span> 
     </span>
     <span class='ocr_line' id='line_1_13' title="bbox 182 1776 2464 1863; baseline 0 -22"><span class='ocrx_word' id='word_1_84' title='bbox 182 1780 506 1862; x_wconf 81' lang='lat' dir='ltr'><strong>angelorum</strong></span> <span class='ocrx_word' id='word_1_85' title='bbox 573 1778 886 1863; x_wconf 84' lang='lat' dir='ltr'><strong>signicula</strong></span> <span class='ocrx_word' id='word_1_86' title='bbox 946 1779 1079 1845; x_wconf 85' lang='lat' dir='ltr'><strong>sive</strong></span> <span class='ocrx_word' id='word_1_87' title='bbox 1156 1780 1371 1863; x_wconf 84' lang='lat' dir='ltr'><strong>sigilla</strong></span> <span class='ocrx_word' id='word_1_88' title='bbox 1431 1779 1556 1844; x_wconf 89' lang='lat' dir='ltr'><strong>rite</strong></span> <span class='ocrx_word' id='word_1_89' title='bbox 1621 1777 1846 1844; x_wconf 92' lang='lat' dir='ltr'><strong>addidi</strong></span> <span class='ocrx_word' id='word_1_90' title='bbox 1915 1799 1991 1843; x_wconf 90' lang='lat' dir='ltr'><strong>eo</strong></span> <span class='ocrx_word' id='word_1_91' title='bbox 2051 1776 2276 1844; x_wconf 90' lang='lat' dir='ltr'><strong>ordine</strong></span> <span class='ocrx_word' id='word_1_92' title='bbox 2336 1796 2464 1862; x_wconf 89' lang='lat' dir='ltr'><strong>quo</strong></span> 
     </span>
    </p>
   </div>
   <div class='ocr_carea' id='block_1_5' title="bbox 45 1880 2466 1969">
    <p class='ocr_par' dir='ltr' id='par_1_5' title="bbox 45 1880 2466 1969">
     <span class='ocr_line' id='line_1_14' title="bbox 45 1880 2466 1969; baseline -0 -21"><span class='ocrx_word' id='word_1_93' title='bbox 45 1924 47 1927; x_wconf 57' lang='lat'>&gt;</span> <span class='ocrx_word' id='word_1_94' title='bbox 175 1884 352 1967; x_wconf 88' lang='lat' dir='ltr'><strong>reponi</strong></span> <span class='ocrx_word' id='word_1_95' title='bbox 398 1883 667 1950; x_wconf 90' lang='lat' dir='ltr'><strong>debent.</strong></span> <span class='ocrx_word' id='word_1_96' title='bbox 757 1884 893 1949; x_wconf 91' lang='lat' dir='ltr'><strong>Nec</strong></span> <span class='ocrx_word' id='word_1_97' title='bbox 940 1892 1041 1951; x_wconf 88' lang='lat' dir='ltr'><strong>est</strong></span> <span class='ocrx_word' id='word_1_98' title='bbox 1069 1884 1149 1950; x_wconf 90' lang='lat' dir='ltr'><strong>de</strong></span> <span class='ocrx_word' id='word_1_99' title='bbox 1198 1905 1396 1950; x_wconf 89' lang='lat' dir='ltr'><strong>causa</strong></span> <span class='ocrx_word' id='word_1_100' title='bbox 1442 1882 1875 1969; x_wconf 80' lang='lat' dir='ltr'><strong>quaerendum‚</strong></span> <span class='ocrx_word' id='word_1_101' title='bbox 1923 1882 2039 1949; x_wconf 84' lang='lat' dir='ltr'><strong>sed</strong></span> <span class='ocrx_word' id='word_1_102' title='bbox 2084 1880 2466 1968; x_wconf 81' lang='lat' dir='ltr'><strong>antiquitati</strong></span> 
     </span>
    </p>
   </div>
   <div class='ocr_carea' id='block_1_6' title="bbox 155 1986 2485 4289">
    <p class='ocr_par' dir='ltr' id='par_1_6' title="bbox 156 1986 2480 2793">
     <span class='ocr_line' id='line_1_15' title="bbox 173 1986 2468 2073; baseline 0.001 -20"><span class='ocrx_word' id='word_1_103' title='bbox 173 1990 549 2057; x_wconf 83' lang='lat' dir='ltr'><strong>credendum.</strong></span> <span class='ocrx_word' id='word_1_104' title='bbox 642 1989 829 2068; x_wconf 87' lang='lat' dir='ltr'><strong>Quod</strong></span> <span class='ocrx_word' id='word_1_105' title='bbox 887 2011 1037 2056; x_wconf 84' lang='lat' dir='ltr'><strong>vero</strong></span> <span class='ocrx_word' id='word_1_106' title='bbox 1094 1991 1341 2073; x_wconf 88' lang='lat' dir='ltr'><strong>primus</strong></span> <span class='ocrx_word' id='word_1_107' title='bbox 1400 2009 1624 2056; x_wconf 86' lang='lat' dir='ltr'><strong>versus</strong></span> <span class='ocrx_word' id='word_1_108' title='bbox 1679 1988 1896 2055; x_wconf 79' lang='lat' dir='ltr'><strong>bibliae</strong></span> <span class='ocrx_word' id='word_1_109' title='bbox 1953 1989 2019 2054; x_wconf 90' lang='lat' dir='ltr'><strong>in</strong></span> <span class='ocrx_word' id='word_1_110' title='bbox 2089 1986 2468 2073; x_wconf 86' lang='lat' dir='ltr'><strong>antepenul-</strong></span> 
     </span>
     <span class='ocr_line' id='line_1_16' title="bbox 167 2093 2464 2180; baseline 0 -22"><span class='ocrx_word' id='word_1_111' title='bbox 167 2095 289 2160; x_wconf 89' lang='lat' dir='ltr'><strong>timo</strong></span> <span class='ocrx_word' id='word_1_112' title='bbox 326 2096 467 2162; x_wconf 89' lang='lat' dir='ltr'><strong>loco</strong></span> <span class='ocrx_word' id='word_1_113' title='bbox 516 2096 851 2174; x_wconf 85' lang='lat' dir='ltr'><strong>inseritur,</strong></span> <span class='ocrx_word' id='word_1_114' title='bbox 898 2115 1023 2161; x_wconf 88' lang='lat' dir='ltr'><strong>non</strong></span> <span class='ocrx_word' id='word_1_115' title='bbox 1078 2101 1260 2161; x_wconf 89' lang='lat' dir='ltr'><strong>caret</strong></span> <span class='ocrx_word' id='word_1_116' title='bbox 1318 2096 1644 2179; x_wconf 79' lang='lat' dir='ltr'><strong>mysterio.</strong></span> <span class='ocrx_word' id='word_1_117' title='bbox 1738 2094 2236 2180; x_wconf 79' lang='lat' dir='ltr'><strong>Appropiuquat</strong></span> <span class='ocrx_word' id='word_1_118' title='bbox 2293 2093 2464 2159; x_wconf 87' lang='lat' dir='ltr'><strong>enim</strong></span> 
     </span>
     <span class='ocr_line' id='line_1_17' title="bbox 165 2198 2476 2285; baseline 0.001 -22"><span class='ocrx_word' id='word_1_119' title='bbox 165 2220 383 2265; x_wconf 82' lang='lat' dir='ltr'><strong>summae</strong></span> <span class='ocrx_word' id='word_1_120' title='bbox 432 2200 723 2267; x_wconf 83' lang='lat' dir='ltr'><strong>trinitati</strong></span> <span class='ocrx_word' id='word_1_121' title='bbox 768 2207 836 2265; x_wconf 90' lang='lat' dir='ltr'><strong>et</strong></span> <span class='ocrx_word' id='word_1_122' title='bbox 879 2200 1105 2285; x_wconf 86' lang='lat' dir='ltr'><strong>incipit</strong></span> <span class='ocrx_word' id='word_1_123' title='bbox 1149 2222 1225 2267; x_wconf 88' lang='lat' dir='ltr'><strong>co</strong></span> <span class='ocrx_word' id='word_1_124' title='bbox 1252 2201 1502 2285; x_wconf 90' lang='lat' dir='ltr'><strong>mplere</strong></span> <span class='ocrx_word' id='word_1_125' title='bbox 1546 2205 1756 2265; x_wconf 90' lang='lat' dir='ltr'><strong>totum</strong></span> <span class='ocrx_word' id='word_1_126' title='bbox 1801 2198 2188 2285; x_wconf 84' lang='lat' dir='ltr'><strong>psalterium</strong></span> <span class='ocrx_word' id='word_1_127' title='bbox 2227 2218 2476 2283; x_wconf 84' lang='lat' dir='ltr'><strong>nosque</strong></span> 
     </span>
     <span class='ocr_line' id='line_1_18' title="bbox 161 2302 2478 2390; baseline 0.002 -23"><span class='ocrx_word' id='word_1_128' title='bbox 161 2304 211 2367; x_wconf 90' lang='lat' dir='ltr'><strong>in</strong></span> <span class='ocrx_word' id='word_1_129' title='bbox 248 2305 615 2373; x_wconf 82' lang='lat' dir='ltr'><strong>fruitionem</strong></span> <span class='ocrx_word' id='word_1_130' title='bbox 662 2306 974 2372; x_wconf 89' lang='lat' dir='ltr'><strong>reducere</strong></span> <span class='ocrx_word' id='word_1_131' title='bbox 1007 2307 1118 2390; x_wconf 88' lang='lat' dir='ltr'><strong>qui</strong></span> <span class='ocrx_word' id='word_1_132' title='bbox 1160 2306 1303 2371; x_wconf 89' lang='lat' dir='ltr'><strong>finis</strong></span> <span class='ocrx_word' id='word_1_133' title='bbox 1344 2305 1740 2390; x_wconf 86' lang='lat' dir='ltr'><strong>psalmorum</strong></span> <span class='ocrx_word' id='word_1_134' title='bbox 1781 2312 1900 2372; x_wconf 87' lang='lat' dir='ltr'><strong>est.</strong></span> <span class='ocrx_word' id='word_1_135' title='bbox 1978 2306 2072 2370; x_wconf 91' lang='lat' dir='ltr'><strong>De</strong></span> <span class='ocrx_word' id='word_1_136' title='bbox 2113 2324 2242 2390; x_wconf 89' lang='lat' dir='ltr'><strong>quo</strong></span> <span class='ocrx_word' id='word_1_137' title='bbox 2285 2302 2478 2388; x_wconf 82' lang='lat' dir='ltr'><strong>plura</strong></span> 
     </span>
     <span class='ocr_line' id='line_1_19' title="bbox 159 2408 2476 2495; baseline 0.001 -21"><span class='ocrx_word' id='word_1_138' title='bbox 159 2410 394 2477; x_wconf 85' lang='lat' dir='ltr'><strong>dicenda</strong></span> <span class='ocrx_word' id='word_1_139' title='bbox 442 2418 684 2491; x_wconf 86' lang='lat' dir='ltr'><strong>essent,</strong></span> <span class='ocrx_word' id='word_1_140' title='bbox 730 2410 847 2477; x_wconf 89' lang='lat' dir='ltr'><strong>sed</strong></span> <span class='ocrx_word' id='word_1_141' title='bbox 889 2412 955 2475; x_wconf 92' lang='lat' dir='ltr'><strong>iu</strong></span> <span class='ocrx_word' id='word_1_142' title='bbox 1000 2410 1179 2477; x_wconf 90' lang='lat' dir='ltr'><strong>aliud</strong></span> <span class='ocrx_word' id='word_1_143' title='bbox 1224 2418 1291 2477; x_wconf 91' lang='lat' dir='ltr'><strong>et</strong></span> <span class='ocrx_word' id='word_1_144' title='bbox 1351 2410 1627 2477; x_wconf 90' lang='lat' dir='ltr'><strong>otiosius</strong></span> <span class='ocrx_word' id='word_1_145' title='bbox 1701 2416 1960 2495; x_wconf 89' lang='lat' dir='ltr'><strong>tempus</strong></span> <span class='ocrx_word' id='word_1_146' title='bbox 2020 2408 2476 2477; x_wconf 83' lang='lat' dir='ltr'><strong>reservabitur.</strong></span> 
     </span>
     <span class='ocr_line' id='line_1_20' title="bbox 158 2514 2478 2600; baseline 0 -21"><span class='ocrx_word' id='word_1_147' title='bbox 158 2515 269 2581; x_wconf 86' lang='lat' dir='ltr'><strong>Hoc</strong></span> <span class='ocrx_word' id='word_1_148' title='bbox 308 2539 509 2583; x_wconf 90' lang='lat' dir='ltr'><strong>unum</strong></span> <span class='ocrx_word' id='word_1_149' title='bbox 559 2538 710 2581; x_wconf 86' lang='lat' dir='ltr'><strong>vero</strong></span> <span class='ocrx_word' id='word_1_150' title='bbox 758 2521 831 2581; x_wconf 91' lang='lat' dir='ltr'><strong>tu</strong></span> <span class='ocrx_word' id='word_1_151' title='bbox 859 2535 987 2581; x_wconf 88' lang='lat' dir='ltr'><strong>nou</strong></span> <span class='ocrx_word' id='word_1_152' title='bbox 1016 2515 1482 2600; x_wconf 85' lang='lat' dir='ltr'><strong>consyderasti‚</strong></span> <span class='ocrx_word' id='word_1_153' title='bbox 1535 2516 1718 2600; x_wconf 90' lang='lat' dir='ltr'><strong>quod</strong></span> <span class='ocrx_word' id='word_1_154' title='bbox 1751 2536 1976 2583; x_wconf 86' lang='lat' dir='ltr'><strong>omnes</strong></span> <span class='ocrx_word' id='word_1_155' title='bbox 2023 2524 2248 2581; x_wconf 84' lang='lat' dir='ltr'><strong>versus</strong></span> <span class='ocrx_word' id='word_1_156' title='bbox 2291 2514 2362 2580; x_wconf 90' lang='lat' dir='ltr'><strong>in</strong></span> <span class='ocrx_word' id='word_1_157' title='bbox 2406 2535 2478 2580; x_wconf 87' lang='lat' dir='ltr'><strong>se</strong></span> 
     </span>
     <span class='ocr_line' id='line_1_21' title="bbox 159 2620 2480 2705; baseline 0.001 -22"><span class='ocrx_word' id='word_1_158' title='bbox 159 2624 463 2688; x_wconf 85' lang='lat' dir='ltr'><strong>continent</strong></span> <span class='ocrx_word' id='word_1_159' title='bbox 511 2642 744 2686; x_wconf 89' lang='lat' dir='ltr'><strong>nomen</strong></span> <span class='ocrx_word' id='word_1_160' title='bbox 792 2627 1386 2705; x_wconf 86' lang='lat' dir='ltr'><strong>tetragrammaton,</strong></span> <span class='ocrx_word' id='word_1_161' title='bbox 1434 2620 1556 2687; x_wconf 92' lang='lat' dir='ltr'><strong>hoc</strong></span> <span class='ocrx_word' id='word_1_162' title='bbox 1603 2621 1742 2687; x_wconf 87' lang='lat' dir='ltr'><strong>solo</strong></span> <span class='ocrx_word' id='word_1_163' title='bbox 1787 2620 2048 2705; x_wconf 91' lang='lat' dir='ltr'><strong>dempto</strong></span> <span class='ocrx_word' id='word_1_164' title='bbox 2096 2620 2208 2704; x_wconf 88' lang='lat' dir='ltr'><strong>qui</strong></span> <span class='ocrx_word' id='word_1_165' title='bbox 2252 2640 2372 2705; x_wconf 89' lang='lat' dir='ltr'><strong>pro</strong></span> <span class='ocrx_word' id='word_1_166' title='bbox 2407 2667 2421 2683; x_wconf 94' lang='lat'><strong>.</strong></span> <span class='ocrx_word' id='word_1_167' title='bbox 2463 2666 2480 2685; x_wconf 96' lang='lat'><strong>.</strong></span> 
     </span>
     <span class='ocr_line' id='line_1_22' title="bbox 156 2720 605 2793; baseline 0.007 -4"><span class='ocrx_word' id='word_1_168' title='bbox 156 2725 325 2793; x_wconf 88' lang='lat' dir='ltr'><strong>habet</strong></span> <span class='ocrx_word' id='word_1_169' title='bbox 382 2720 605 2792; x_wconf 50' lang='lat' dir='ltr'><strong>ran-32⁸.</strong></span> 
     </span>
    </p>

    <p class='ocr_par' dir='ltr' id='par_1_7' title="bbox 155 2814 2485 4289">
     <span class='ocr_line' id='line_1_23' title="bbox 312 2814 2470 2912; baseline -0.002 -13"><span class='ocrx_word' id='word_1_170' title='bbox 312 2834 504 2912; x_wconf 86' lang='lat' dir='ltr'><strong>Quod</strong></span> <span class='ocrx_word' id='word_1_171' title='bbox 558 2832 739 2899; x_wconf 90' lang='lat' dir='ltr'><strong>doles</strong></span> <span class='ocrx_word' id='word_1_172' title='bbox 797 2832 877 2897; x_wconf 91' lang='lat' dir='ltr'><strong>de</strong></span> <span class='ocrx_word' id='word_1_173' title='bbox 934 2832 1227 2899; x_wconf 84' lang='lat' dir='ltr'><strong>vilissimi</strong></span> <span class='ocrx_word' id='word_1_174' title='bbox 1281 2832 1554 2897; x_wconf 88' lang='lat' dir='ltr'><strong>hominis</strong></span> <span class='ocrx_word' id='word_1_175' title='bbox 1594 2834 1617 2872; x_wconf 88' lang='lat'>¹</span> <span class='ocrx_word' id='word_1_176' title='bbox 1690 2836 1921 2897; x_wconf 85' lang='lat' dir='ltr'><strong>contra</strong></span> <span class='ocrx_word' id='word_1_177' title='bbox 1965 2836 2081 2895; x_wconf 91' lang='lat' dir='ltr'><strong>me</strong></span> <span class='ocrx_word' id='word_1_178' title='bbox 2128 2814 2470 2897; x_wconf 82' lang='lat' dir='ltr'><strong>commisso</strong></span> 
     </span>
     <span class='ocr_line' id='line_1_24' title="bbox 155 2934 2461 3023; baseline -0 -23"><span class='ocrx_word' id='word_1_179' title='bbox 155 2936 409 3005; x_wconf 85' lang='lat' dir='ltr'><strong>facinore</strong></span> <span class='ocrx_word' id='word_1_180' title='bbox 442 2960 565 3023; x_wconf 91' lang='lat' dir='ltr'><strong>per</strong></span> <span class='ocrx_word' id='word_1_181' title='bbox 594 2937 887 3003; x_wconf 90' lang='lat' dir='ltr'><strong>libellum</strong></span> <span class='ocrx_word' id='word_1_182' title='bbox 918 2937 1236 3003; x_wconf 86' lang='lat' dir='ltr'><strong>famosum</strong></span> <span class='ocrx_word' id='word_1_183' title='bbox 1265 2938 1601 3002; x_wconf 85' lang='lat' dir='ltr'><strong>universae</strong></span> <span class='ocrx_word' id='word_1_184' title='bbox 1635 2934 2023 3001; x_wconf 84' lang='lat' dir='ltr'><strong>Germaniae</strong></span> <span class='ocrx_word' id='word_1_185' title='bbox 2056 2934 2461 3018; x_wconf 83' lang='lat' dir='ltr'><strong>divulgatum</strong></span> 
     </span>
     <span class='ocr_line' id='line_1_25' title="bbox 158 3039 2455 3129; baseline -0.001 -23"><span class='ocrx_word' id='word_1_186' title='bbox 158 3042 293 3109; x_wconf 84' lang='lat' dir='ltr'><strong>facis</strong></span> <span class='ocrx_word' id='word_1_187' title='bbox 337 3052 410 3110; x_wconf 89' lang='lat' dir='ltr'><strong>tu</strong></span> <span class='ocrx_word' id='word_1_188' title='bbox 461 3042 722 3128; x_wconf 89' lang='lat' dir='ltr'><strong>quidem</strong></span> <span class='ocrx_word' id='word_1_189' title='bbox 768 3065 888 3129; x_wconf 91' lang='lat' dir='ltr'><strong>pro</strong></span> <span class='ocrx_word' id='word_1_190' title='bbox 924 3042 1325 3109; x_wconf 84' lang='lat' dir='ltr'><strong>humanitate</strong></span> <span class='ocrx_word' id='word_1_191' title='bbox 1374 3049 1489 3109; x_wconf 91' lang='lat' dir='ltr'><strong>tua</strong></span> <span class='ocrx_word' id='word_1_192' title='bbox 1536 3041 1712 3126; x_wconf 90' lang='lat' dir='ltr'><strong>quod</strong></span> <span class='ocrx_word' id='word_1_193' title='bbox 1755 3040 2218 3107; x_wconf 87' lang='lat' dir='ltr'><strong>amicissimum</strong></span> <span class='ocrx_word' id='word_1_194' title='bbox 2251 3039 2455 3106; x_wconf 89' lang='lat' dir='ltr'><strong>decet.</strong></span> 
     </span>
     <span class='ocr_line' id='line_1_26' title="bbox 158 3146 2468 3232; baseline 0 -21"><span class='ocrx_word' id='word_1_195' title='bbox 158 3146 258 3211; x_wconf 85' lang='lat' dir='ltr'><strong>Sed</strong></span> <span class='ocrx_word' id='word_1_196' title='bbox 302 3150 474 3215; x_wconf 85' lang='lat' dir='ltr'><strong>sicut</strong></span> <span class='ocrx_word' id='word_1_197' title='bbox 518 3148 731 3213; x_wconf 87' lang='lat' dir='ltr'><strong>honor</strong></span> <span class='ocrx_word' id='word_1_198' title='bbox 778 3150 971 3232; x_wconf 84' lang='lat' dir='ltr'><strong>juxta</strong></span> <span class='ocrx_word' id='word_1_199' title='bbox 1021 3148 1439 3215; x_wconf 86' lang='lat' dir='ltr'><strong>Aristotelem</strong></span> <span class='ocrx_word' id='word_1_200' title='bbox 1500 3154 1601 3213; x_wconf 88' lang='lat' dir='ltr'><strong>est</strong></span> <span class='ocrx_word' id='word_1_201' title='bbox 1657 3148 1727 3212; x_wconf 91' lang='lat' dir='ltr'><strong>in</strong></span> <span class='ocrx_word' id='word_1_202' title='bbox 1771 3147 2170 3227; x_wconf 88' lang='lat' dir='ltr'><strong>honorante,</strong></span> <span class='ocrx_word' id='word_1_203' title='bbox 2230 3146 2330 3213; x_wconf 89' lang='lat' dir='ltr'><strong>ita</strong></span> <span class='ocrx_word' id='word_1_204' title='bbox 2372 3146 2468 3211; x_wconf 90' lang='lat' dir='ltr'><strong>in-</strong></span> 
     </span>
     <span class='ocr_line' id='line_1_27' title="bbox 158 3252 2469 3339; baseline 0.002 -23"><span class='ocrx_word' id='word_1_205' title='bbox 158 3253 325 3319; x_wconf 85' lang='lat' dir='ltr'><strong>famia</strong></span> <span class='ocrx_word' id='word_1_206' title='bbox 370 3261 475 3321; x_wconf 89' lang='lat' dir='ltr'><strong>est</strong></span> <span class='ocrx_word' id='word_1_207' title='bbox 522 3253 588 3319; x_wconf 89' lang='lat' dir='ltr'><strong>in</strong></span> <span class='ocrx_word' id='word_1_208' title='bbox 633 3254 1007 3321; x_wconf 86' lang='lat' dir='ltr'><strong>infamante.</strong></span> <span class='ocrx_word' id='word_1_209' title='bbox 1102 3255 1362 3321; x_wconf 86' lang='lat' dir='ltr'><strong>Gratias</strong></span> <span class='ocrx_word' id='word_1_210' title='bbox 1394 3272 1517 3337; x_wconf 85' lang='lat' dir='ltr'><strong>ago</strong></span> <span class='ocrx_word' id='word_1_211' title='bbox 1565 3254 1701 3318; x_wconf 89' lang='lat' dir='ltr'><strong>Deo</strong></span> <span class='ocrx_word' id='word_1_212' title='bbox 1748 3259 1970 3321; x_wconf 89' lang='lat' dir='ltr'><strong>nostro</strong></span> <span class='ocrx_word' id='word_1_213' title='bbox 2017 3252 2194 3338; x_wconf 89' lang='lat' dir='ltr'><strong>quod</strong></span> <span class='ocrx_word' id='word_1_214' title='bbox 2239 3253 2469 3339; x_wconf 81' lang='lat' dir='ltr'><strong>dignus</strong></span> 
     </span>
     <span class='ocr_line' id='line_1_28' title="bbox 159 3358 2483 3445; baseline 0.003 -26"><span class='ocrx_word' id='word_1_215' title='bbox 159 3358 304 3425; x_wconf 88' lang='lat' dir='ltr'><strong>visus</strong></span> <span class='ocrx_word' id='word_1_216' title='bbox 350 3360 475 3426; x_wconf 88' lang='lat' dir='ltr'><strong>sim</strong></span> <span class='ocrx_word' id='word_1_217' title='bbox 522 3360 631 3444; x_wconf 89' lang='lat' dir='ltr'><strong>qui</strong></span> <span class='ocrx_word' id='word_1_218' title='bbox 663 3382 781 3444; x_wconf 87' lang='lat' dir='ltr'><strong>pro</strong></span> <span class='ocrx_word' id='word_1_219' title='bbox 815 3360 1069 3425; x_wconf 89' lang='lat' dir='ltr'><strong>nomine</strong></span> <span class='ocrx_word' id='word_1_220' title='bbox 1104 3380 1237 3439; x_wconf 91' lang='lat' dir='ltr'><strong>su0,</strong></span> <span class='ocrx_word' id='word_1_221' title='bbox 1284 3358 1353 3423; x_wconf 91' lang='lat' dir='ltr'><strong>id</strong></span> <span class='ocrx_word' id='word_1_222' title='bbox 1384 3364 1486 3424; x_wconf 91' lang='lat' dir='ltr'><strong>est</strong></span> <span class='ocrx_word' id='word_1_223' title='bbox 1516 3359 1814 3438; x_wconf 86' lang='lat' dir='ltr'><strong>veritate,</strong></span> <span class='ocrx_word' id='word_1_224' title='bbox 1847 3358 2200 3445; x_wconf 83' lang='lat' dir='ltr'><strong>opprobria</strong></span> <span class='ocrx_word' id='word_1_225' title='bbox 2242 3358 2483 3426; x_wconf 86' lang='lat' dir='ltr'><strong>feram.</strong></span> 
     </span>
     <span class='ocr_line' id='line_1_29' title="bbox 160 3463 2475 3551; baseline 0.001 -25"><span class='ocrx_word' id='word_1_226' title='bbox 160 3463 618 3551; x_wconf 88' lang='lat' dir='ltr'><strong>Persequuntur</strong></span> <span class='ocrx_word' id='word_1_227' title='bbox 664 3488 765 3531; x_wconf 91' lang='lat' dir='ltr'><strong>me</strong></span> <span class='ocrx_word' id='word_1_228' title='bbox 795 3467 1109 3551; x_wconf 84' lang='lat' dir='ltr'><strong>maligni,</strong></span> <span class='ocrx_word' id='word_1_229' title='bbox 1171 3466 1497 3549; x_wconf 89' lang='lat' dir='ltr'><strong>persecuti</strong></span> <span class='ocrx_word' id='word_1_230' title='bbox 1557 3472 1708 3529; x_wconf 88' lang='lat' dir='ltr'><strong>sunt</strong></span> <span class='ocrx_word' id='word_1_231' title='bbox 1767 3472 1836 3530; x_wconf 92' lang='lat' dir='ltr'><strong>et</strong></span> <span class='ocrx_word' id='word_1_232' title='bbox 1882 3464 2213 3530; x_wconf 88' lang='lat' dir='ltr'><strong>dominum</strong></span> <span class='ocrx_word' id='word_1_233' title='bbox 2258 3485 2475 3529; x_wconf 88' lang='lat' dir='ltr'><strong>meum</strong></span> 
     </span>
     <span class='ocr_line' id='line_1_30' title="bbox 162 3568 2474 3654; baseline 0 -22"><span class='ocrx_word' id='word_1_234' title='bbox 162 3588 327 3651; x_wconf 88' lang='lat' dir='ltr'><strong>quem</strong></span> <span class='ocrx_word' id='word_1_235' title='bbox 404 3571 685 3654; x_wconf 89' lang='lat' dir='ltr'><strong>priorem</strong></span> <span class='ocrx_word' id='word_1_236' title='bbox 763 3571 911 3639; x_wconf 88' lang='lat' dir='ltr'><strong>odio</strong></span> <span class='ocrx_word' id='word_1_237' title='bbox 981 3572 1365 3637; x_wconf 89' lang='lat' dir='ltr'><strong>habuerunt.</strong></span> <span class='ocrx_word' id='word_1_238' title='bbox 1472 3569 1682 3637; x_wconf 88' lang='lat' dir='ltr'><strong>Crede</strong></span> <span class='ocrx_word' id='word_1_239' title='bbox 1751 3568 1943 3647; x_wconf 90' lang='lat' dir='ltr'><strong>mihi,</strong></span> <span class='ocrx_word' id='word_1_240' title='bbox 2013 3589 2248 3652; x_wconf 84' lang='lat' dir='ltr'><strong>magna</strong></span> <span class='ocrx_word' id='word_1_241' title='bbox 2316 3568 2474 3633; x_wconf 91' lang='lat' dir='ltr'><strong>mihi</strong></span> 
     </span>
     <span class='ocr_line' id='line_1_31' title="bbox 159 3670 2475 3761; baseline 0.001 -26"><span class='ocrx_word' id='word_1_242' title='bbox 159 3670 364 3739; x_wconf 86' lang='lat' dir='ltr'><strong>laetitia</strong></span> <span class='ocrx_word' id='word_1_243' title='bbox 420 3682 554 3753; x_wconf 84' lang='lat' dir='ltr'><strong>est,</strong></span> <span class='ocrx_word' id='word_1_244' title='bbox 617 3676 789 3761; x_wconf 89' lang='lat' dir='ltr'><strong>quod</strong></span> <span class='ocrx_word' id='word_1_245' title='bbox 852 3677 1246 3743; x_wconf 88' lang='lat' dir='ltr'><strong>maledicant</strong></span> <span class='ocrx_word' id='word_1_246' title='bbox 1292 3676 1447 3743; x_wconf 90' lang='lat' dir='ltr'><strong>mihi</strong></span> <span class='ocrx_word' id='word_1_247' title='bbox 1495 3676 1786 3743; x_wconf 80' lang='lat' dir='ltr'><strong>homines</strong></span> <span class='ocrx_word' id='word_1_248' title='bbox 1846 3681 1912 3740; x_wconf 89' lang='lat' dir='ltr'><strong>et</strong></span> <span class='ocrx_word' id='word_1_249' title='bbox 1968 3673 2188 3743; x_wconf 84' lang='lat' dir='ltr'><strong>dicant</strong></span> <span class='ocrx_word' id='word_1_250' title='bbox 2233 3672 2475 3739; x_wconf 90' lang='lat' dir='ltr'><strong>malum</strong></span> 
     </span>
     <span class='ocr_line' id='line_1_32' title="bbox 160 3778 2482 3865; baseline 0.003 -25"><span class='ocrx_word' id='word_1_251' title='bbox 160 3778 482 3845; x_wconf 87' lang='lat' dir='ltr'><strong>adversum</strong></span> <span class='ocrx_word' id='word_1_252' title='bbox 539 3803 642 3847; x_wconf 91' lang='lat' dir='ltr'><strong>me</strong></span> <span class='ocrx_word' id='word_1_253' title='bbox 702 3784 1118 3861; x_wconf 83' lang='lat' dir='ltr'><strong>mentientes,</strong></span> <span class='ocrx_word' id='word_1_254' title='bbox 1180 3782 1272 3848; x_wconf 86' lang='lat' dir='ltr'><strong>sic</strong></span> <span class='ocrx_word' id='word_1_255' title='bbox 1320 3782 1490 3847; x_wconf 89' lang='lat' dir='ltr'><strong>enim</strong></span> <span class='ocrx_word' id='word_1_256' title='bbox 1534 3781 1862 3864; x_wconf 87' lang='lat' dir='ltr'><strong>persecuti</strong></span> <span class='ocrx_word' id='word_1_257' title='bbox 1907 3786 2060 3847; x_wconf 87' lang='lat' dir='ltr'><strong>sunt</strong></span> <span class='ocrx_word' id='word_1_258' title='bbox 2103 3778 2482 3865; x_wconf 86' lang='lat' dir='ltr'><strong>prophetas·</strong></span> 
     </span>
     <span class='ocr_line' id='line_1_33' title="bbox 161 3882 2478 3972; baseline 0.002 -25"><span class='ocrx_word' id='word_1_259' title='bbox 161 3882 328 3959; x_wconf 85' lang='lat' dir='ltr'><strong>Quod</strong></span> <span class='ocrx_word' id='word_1_260' title='bbox 381 3894 597 3953; x_wconf 91' lang='lat' dir='ltr'><strong>autem</strong></span> <span class='ocrx_word' id='word_1_261' title='bbox 656 3889 1052 3967; x_wconf 86' lang='lat' dir='ltr'><strong>mentiantur</strong></span> <span class='ocrx_word' id='word_1_262' title='bbox 1124 3887 1554 3972; x_wconf 87' lang='lat' dir='ltr'><strong>apertissimis</strong></span> <span class='ocrx_word' id='word_1_263' title='bbox 1630 3887 2015 3966; x_wconf 88' lang='lat' dir='ltr'><strong>mendaciis,</strong></span> <span class='ocrx_word' id='word_1_264' title='bbox 2077 3891 2180 3951; x_wconf 90' lang='lat' dir='ltr'><strong>est</strong></span> <span class='ocrx_word' id='word_1_265' title='bbox 2258 3883 2478 3951; x_wconf 85' lang='lat' dir='ltr'><strong>videre</strong></span> 
     </span>
     <span class='ocr_line' id='line_1_34' title="bbox 159 3986 2482 4077; baseline 0.003 -25"><span class='ocrx_word' id='word_1_266' title='bbox 159 3986 212 4050; x_wconf 90' lang='lat' dir='ltr'><strong>in</strong></span> <span class='ocrx_word' id='word_1_267' title='bbox 254 3990 545 4075; x_wconf 85' lang='lat' dir='ltr'><strong>apologia</strong></span> <span class='ocrx_word' id='word_1_268' title='bbox 589 4014 735 4057; x_wconf 88' lang='lat' dir='ltr'><strong>mea</strong></span> <span class='ocrx_word' id='word_1_269' title='bbox 767 3992 793 4031; x_wconf 77' lang='lat'>²</span> <span class='ocrx_word' id='word_1_270' title='bbox 839 4014 1036 4077; x_wconf 89' lang='lat' dir='ltr'><strong>quam</strong></span> <span class='ocrx_word' id='word_1_271' title='bbox 1082 4015 1227 4059; x_wconf 91' lang='lat' dir='ltr'><strong>cum</strong></span> <span class='ocrx_word' id='word_1_272' title='bbox 1274 3993 1728 4076; x_wconf 86' lang='lat' dir='ltr'><strong>praesentibus</strong></span> <span class='ocrx_word' id='word_1_273' title='bbox 1773 3992 1896 4059; x_wconf 84' lang='lat' dir='ltr'><strong>tibi</strong></span> <span class='ocrx_word' id='word_1_274' title='bbox 1950 3994 2139 4059; x_wconf 88' lang='lat' dir='ltr'><strong>mitto</strong></span> <span class='ocrx_word' id='word_1_275' title='bbox 2205 4011 2296 4056; x_wconf 86' lang='lat' dir='ltr'><strong>ex.</strong></span> <span class='ocrx_word' id='word_1_276' title='bbox 2349 4011 2482 4075; x_wconf 80' lang='lat' dir='ltr'><strong>qua</strong></span> 
     </span>
     <span class='ocr_line' id='line_1_35' title="bbox 160 4095 2485 4181; baseline 0.003 -26"><span class='ocrx_word' id='word_1_277' title='bbox 160 4112 357 4160; x_wconf 85' lang='lat' dir='ltr'><strong>sumes</strong></span> <span class='ocrx_word' id='word_1_278' title='bbox 411 4098 862 4181; x_wconf 82' lang='lat' dir='ltr'><strong>argumentum</strong></span> <span class='ocrx_word' id='word_1_279' title='bbox 918 4097 1306 4165; x_wconf 84' lang='lat' dir='ltr'><strong>defendendi</strong></span> <span class='ocrx_word' id='word_1_280' title='bbox 1372 4099 1518 4165; x_wconf 90' lang='lat' dir='ltr'><strong>mei.</strong></span> <span class='ocrx_word' id='word_1_281' title='bbox 1623 4098 1941 4166; x_wconf 87' lang='lat' dir='ltr'><strong>Libellum</strong></span> <span class='ocrx_word' id='word_1_282' title='bbox 2005 4095 2485 4164; x_wconf 81' lang='lat' dir='ltr'><strong>diffamatorum</strong></span> 
     </span>
     <span class='ocr_line' id='line_1_36' title="bbox 159 4200 2480 4289; baseline 0.003 -27"><span class='ocrx_word' id='word_1_283' title='bbox 159 4200 398 4267; x_wconf 89' lang='lat' dir='ltr'><strong>mittere</strong></span> <span class='ocrx_word' id='word_1_284' title='bbox 446 4220 694 4288; x_wconf 90' lang='lat' dir='ltr'><strong>nequeo</strong></span> <span class='ocrx_word' id='word_1_285' title='bbox 727 4224 919 4289; x_wconf 89' lang='lat' dir='ltr'><strong>quem</strong></span> <span class='ocrx_word' id='word_1_286' title='bbox 968 4204 1178 4269; x_wconf 86' lang='lat' dir='ltr'><strong>solum</strong></span> <span class='ocrx_word' id='word_1_287' title='bbox 1225 4210 1292 4269; x_wconf 90' lang='lat' dir='ltr'><strong>et</strong></span> <span class='ocrx_word' id='word_1_288' title='bbox 1324 4205 1584 4271; x_wconf 91' lang='lat' dir='ltr'><strong>unicum</strong></span> <span class='ocrx_word' id='word_1_289' title='bbox 1629 4204 1860 4284; x_wconf 78' lang='lat' dir='ltr'><strong>habac,</strong></span> <span class='ocrx_word' id='word_1_290' title='bbox 1909 4225 2099 4288; x_wconf 88' lang='lat' dir='ltr'><strong>spero</strong></span> <span class='ocrx_word' id='word_1_291' title='bbox 2148 4209 2366 4268; x_wconf 90' lang='lat' dir='ltr'><strong>tamen</strong></span> <span class='ocrx_word' id='word_1_292' title='bbox 2413 4207 2480 4268; x_wconf 91' lang='lat' dir='ltr'><strong>te</strong></span> 
     </span>
    </p>
   </div>
   <div class='ocr_carea' id='block_1_7' title="bbox 164 4307 2474 4611">
    <p class='ocr_par' dir='ltr' id='par_1_8' title="bbox 164 4307 2474 4611">
     <span class='ocr_line' id='line_1_37' title="bbox 164 4307 2474 4395; baseline 0.003 -28"><span class='ocrx_word' id='word_1_293' title='bbox 164 4312 344 4371; x_wconf 88' lang='lat' dir='ltr'><strong>antea</strong></span> <span class='ocrx_word' id='word_1_294' title='bbox 382 4307 701 4376; x_wconf 86' lang='lat' dir='ltr'><strong>habuisse.</strong></span> <span class='ocrx_word' id='word_1_295' title='bbox 794 4310 1155 4395; x_wconf 87' lang='lat' dir='ltr'><strong>Epistolam</strong></span> <span class='ocrx_word' id='word_1_296' title='bbox 1200 4332 1411 4378; x_wconf 89' lang='lat' dir='ltr'><strong>meam</strong></span> <span class='ocrx_word' id='word_1_297' title='bbox 1456 4309 1656 4375; x_wconf 90' lang='lat' dir='ltr'><strong>nobili</strong></span> <span class='ocrx_word' id='word_1_298' title='bbox 1702 4308 1958 4375; x_wconf 89' lang='lat' dir='ltr'><strong>cuidam</strong></span> <span class='ocrx_word' id='word_1_299' title='bbox 2004 4309 2316 4393; x_wconf 82' lang='lat' dir='ltr'><strong>scriptam</strong></span> <span class='ocrx_word' id='word_1_300' title='bbox 2347 4329 2474 4375; x_wconf 91' lang='lat' dir='ltr'><strong>non</strong></span> 
     </span>
     <span class='ocr_line' id='line_1_38' title="bbox 1300 4438 1335 4477; baseline 0 0"><span class='ocrx_word' id='word_1_301' title='bbox 1300 4438 1335 4477; x_wconf 66' lang='lat' dir='ltr'><strong>ar</strong></span> 
     </span>
     <span class='ocr_line' id='line_1_39' title="bbox 308 4526 2016 4611; baseline 0.002 -34"><span class='ocrx_word' id='word_1_302' title='bbox 308 4529 329 4585; x_wconf 75' lang='lat' dir='ltr'><strong>l</strong></span> <span class='ocrx_word' id='word_1_303' title='bbox 365 4526 696 4591; x_wconf 67' lang='lat' dir='ltr'><strong>Pfefferkom·</strong></span> <span class='ocrx_word' id='word_1_304' title='bbox 844 4533 873 4592; x_wconf 69' lang='lat'><strong><em>2</em></strong></span> <span class='ocrx_word' id='word_1_305' title='bbox 912 4529 1307 4611; x_wconf 68' lang='lat' dir='ltr'><strong>Augenspiegel</strong></span> <span class='ocrx_word' id='word_1_306' title='bbox 1342 4544 1384 4581; x_wconf 90' lang='grc'><strong>3.</strong></span> <span class='ocrx_word' id='word_1_307' title='bbox 1426 4528 1688 4587; x_wconf 74' lang='lat' dir='ltr'><strong>Reuchlin.</strong></span> <span class='ocrx_word' id='word_1_308' title='bbox 1727 4528 1779 4589; x_wconf 81' lang='lat' dir='ltr'><strong>S.-</strong></span> <span class='ocrx_word' id='word_1_309' title='bbox 1820 4530 1922 4589; x_wconf 72' lang='lat'><strong>248</strong></span> <span class='ocrx_word' id='word_1_310' title='bbox 1962 4528 2016 4588; x_wconf 73' lang='lat' dir='ltr'><strong>ff.</strong></span> 
     </span>
    </p>
   </div>
  </div>
 </body>
</html>
