<?xml version="1.0" encoding="UTF-8"?>
<!DOCTYPE html PUBLIC "-//W3C//DTD XHTML 1.0 Transitional//EN"
    "http://www.w3.org/TR/xhtml1/DTD/xhtml1-transitional.dtd">
<html xmlns="http://www.w3.org/1999/xhtml" xml:lang="en" lang="en">
 <head>
  <title>
</title>
<meta http-equiv="Content-Type" content="text/html;charset=utf-8" />
  <meta name='ocr-system' content='tesseract 3.04.00' />
  <meta name='ocr-capabilities' content='ocr_page ocr_carea ocr_par ocr_line ocrx_word'/>
</head>
<body>
  <div class='ocr_page' id='page_1' title='image "./johannreuchlins00geiggoog/johannreuchlins00geiggoog_0135.png"; bbox 0 0 2950 5042; ppageno 0'>
   <div class='ocr_carea' id='block_1_1' title="bbox 1250 386 1381 455">
    <p class='ocr_par' dir='ltr' id='par_1_1' title="bbox 1250 386 1381 455">
     <span class='ocr_line' id='line_1_1' title="bbox 1250 386 1381 455; baseline -0.023 0"><span class='ocrx_word' id='word_1_1' title='bbox 1250 386 1381 455; x_wconf 84' lang='lat'><strong>125</strong></span> 
     </span>
    </p>
   </div>
   <div class='ocr_carea' id='block_1_2' title="bbox 151 573 2574 2759">
    <p class='ocr_par' dir='ltr' id='par_1_2' title="bbox 151 573 2574 1826">
     <span class='ocr_line' id='line_1_2' title="bbox 309 573 2478 661; baseline 0.002 -20"><span class='ocrx_word' id='word_1_2' title='bbox 309 573 501 653; x_wconf 85' lang='lat' dir='ltr'><strong>Quod</strong></span> <span class='ocrx_word' id='word_1_3' title='bbox 569 574 805 642; x_wconf 89' lang='lat' dir='ltr'><strong>scribis</strong></span> <span class='ocrx_word' id='word_1_4' title='bbox 828 624 845 657; x_wconf 98' lang='lat'><strong>,</strong></span> <span class='ocrx_word' id='word_1_5' title='bbox 902 574 1144 661; x_wconf 90' lang='lat' dir='ltr'><strong>optime</strong></span> <span class='ocrx_word' id='word_1_6' title='bbox 1191 578 1325 659; x_wconf 86' lang='lat' dir='ltr'><strong>vir,</strong></span> <span class='ocrx_word' id='word_1_7' title='bbox 1388 582 1455 644; x_wconf 90' lang='lat' dir='ltr'><strong>te</strong></span> <span class='ocrx_word' id='word_1_8' title='bbox 1500 576 1776 645; x_wconf 86' lang='lat' dir='ltr'><strong>multum</strong></span> <span class='ocrx_word' id='word_1_9' title='bbox 1821 574 1988 645; x_wconf 89' lang='lat' dir='ltr'><strong>affici</strong></span> <span class='ocrx_word' id='word_1_10' title='bbox 2031 575 2320 661; x_wconf 84' lang='lat' dir='ltr'><strong>legendis</strong></span> <span class='ocrx_word' id='word_1_11' title='bbox 2363 574 2478 645; x_wconf 84' lang='lat' dir='ltr'><strong>he·</strong></span> 
     </span>
     <span class='ocr_line' id='line_1_3' title="bbox 156 681 2478 775; baseline 0.001 -28"><span class='ocrx_word' id='word_1_12' title='bbox 156 681 369 747; x_wconf 79' lang='lat' dir='ltr'><strong>braicis</strong></span> <span class='ocrx_word' id='word_1_13' title='bbox 414 682 661 763; x_wconf 78' lang='lat' dir='ltr'><strong>literis,</strong></span> <span class='ocrx_word' id='word_1_14' title='bbox 698 682 859 749; x_wconf 83' lang='lat' dir='ltr'>nihil</span> <span class='ocrx_word' id='word_1_15' title='bbox 905 689 1005 751; x_wconf 91' lang='lat' dir='ltr'><strong>est</strong></span> <span class='ocrx_word' id='word_1_16' title='bbox 1049 684 1225 768; x_wconf 86' lang='lat' dir='ltr'><strong>quod</strong></span> <span class='ocrx_word' id='word_1_17' title='bbox 1271 683 1545 751; x_wconf 90' lang='lat' dir='ltr'><strong>mireris.</strong></span> <span class='ocrx_word' id='word_1_18' title='bbox 1634 683 1814 751; x_wconf 82' lang='lat' dir='ltr'><strong>Inest</strong></span> <span class='ocrx_word' id='word_1_19' title='bbox 1860 704 2016 749; x_wconf 85' lang='lat' dir='ltr'><strong>sane</strong></span> <span class='ocrx_word' id='word_1_20' title='bbox 2063 684 2156 749; x_wconf 88' lang='lat' dir='ltr'><strong>eis</strong></span> <span class='ocrx_word' id='word_1_21' title='bbox 2213 683 2478 775; x_wconf 71' lang='grc' dir='ltr'><strong>ίνίργεια</strong></span> 
     </span>
     <span class='ocr_line' id='line_1_4' title="bbox 156 787 2574 875; baseline 0.001 -23"><span class='ocrx_word' id='word_1_22' title='bbox 156 787 459 873; x_wconf 83' lang='lat' dir='ltr'><strong>quaedam</strong></span> <span class='ocrx_word' id='word_1_23' title='bbox 549 787 638 852; x_wconf 88' lang='lat' dir='ltr'><strong>ad</strong></span> <span class='ocrx_word' id='word_1_24' title='bbox 726 789 1115 855; x_wconf 85' lang='lat' dir='ltr'><strong>movendum</strong></span> <span class='ocrx_word' id='word_1_25' title='bbox 1174 789 1447 875; x_wconf 82' lang='lat' dir='ltr'><strong>legentis</strong></span> <span class='ocrx_word' id='word_1_26' title='bbox 1513 789 1819 857; x_wconf 88' lang='lat' dir='ltr'><strong>animum.</strong></span> <span class='ocrx_word' id='word_1_27' title='bbox 1931 788 2054 869; x_wconf 90' lang='lat' dir='ltr'><strong>Et,</strong></span> <span class='ocrx_word' id='word_1_28' title='bbox 2131 793 2208 854; x_wconf 91' lang='lat' dir='ltr'><strong>ut</strong></span> <span class='ocrx_word' id='word_1_29' title='bbox 2265 787 2480 873; x_wconf 84' lang='lat' dir='ltr'><strong>inquit</strong></span> <span class='ocrx_word' id='word_1_30' title='bbox 2565 847 2574 867; x_wconf 86' lang='grc'>,</span> 
     </span>
     <span class='ocr_line' id='line_1_5' title="bbox 156 892 2479 979; baseline 0.001 -20"><span class='ocrx_word' id='word_1_31' title='bbox 156 894 524 979; x_wconf 81' lang='lat' dir='ltr'><strong>Apostolus,</strong></span> <span class='ocrx_word' id='word_1_32' title='bbox 582 895 771 961; x_wconf 87' lang='lat' dir='ltr'><strong>vivus</strong></span> <span class='ocrx_word' id='word_1_33' title='bbox 830 901 935 961; x_wconf 85' lang='lat' dir='ltr'><strong>est</strong></span> <span class='ocrx_word' id='word_1_34' title='bbox 993 916 1205 963; x_wconf 87' lang='lat' dir='ltr'><strong>sermo</strong></span> <span class='ocrx_word' id='word_1_35' title='bbox 1264 896 1403 977; x_wconf 90' lang='lat' dir='ltr'><strong>Dei,</strong></span> <span class='ocrx_word' id='word_1_36' title='bbox 1464 901 1534 962; x_wconf 93' lang='lat' dir='ltr'><strong>et</strong></span> <span class='ocrx_word' id='word_1_37' title='bbox 1577 896 1832 974; x_wconf 87' lang='lat' dir='ltr'><strong>efficax,</strong></span> <span class='ocrx_word' id='word_1_38' title='bbox 1891 900 1960 961; x_wconf 90' lang='lat' dir='ltr'><strong>et</strong></span> <span class='ocrx_word' id='word_1_39' title='bbox 2013 892 2479 979; x_wconf 86' lang='lat' dir='ltr'><strong>penetrabilior</strong></span> 
     </span>
     <span class='ocr_line' id='line_1_6' title="bbox 158 998 2478 1086; baseline -0.001 -19"><span class='ocrx_word' id='word_1_40' title='bbox 158 1001 309 1067; x_wconf 90' lang='lat' dir='ltr'><strong>omni</strong></span> <span class='ocrx_word' id='word_1_41' title='bbox 358 999 586 1085; x_wconf 86' lang='lat' dir='ltr'><strong>gladio</strong></span> <span class='ocrx_word' id='word_1_42' title='bbox 646 1001 929 1086; x_wconf 89' lang='lat' dir='ltr'><strong>ancipiti.</strong></span> <span class='ocrx_word' id='word_1_43' title='bbox 1021 1002 1225 1068; x_wconf 90' lang='lat' dir='ltr'><strong>Porro</strong></span> <span class='ocrx_word' id='word_1_44' title='bbox 1294 1023 1421 1070; x_wconf 89' lang='lat' dir='ltr'><strong>non</strong></span> <span class='ocrx_word' id='word_1_45' title='bbox 1485 1001 1697 1068; x_wconf 83' lang='lat' dir='ltr'><strong>solum</strong></span> <span class='ocrx_word' id='word_1_46' title='bbox 1740 1001 1980 1080; x_wconf 86' lang='lat' dir='ltr'><strong>efficax,</strong></span> <span class='ocrx_word' id='word_1_47' title='bbox 2029 998 2146 1067; x_wconf 90' lang='lat' dir='ltr'><strong>sed</strong></span> <span class='ocrx_word' id='word_1_48' title='bbox 2193 1005 2260 1065; x_wconf 90' lang='lat' dir='ltr'><strong>et</strong></span> <span class='ocrx_word' id='word_1_49' title='bbox 2301 998 2478 1065; x_wconf 85' lang='lat' dir='ltr'><strong>lectu</strong></span> 
     </span>
     <span class='ocr_line' id='line_1_7' title="bbox 151 1104 2478 1199; baseline -0.001 -28"><span class='ocrx_word' id='word_1_50' title='bbox 151 1106 491 1191; x_wconf 86' lang='lat' dir='ltr'><strong>jucundus.</strong></span> <span class='ocrx_word' id='word_1_51' title='bbox 582 1106 750 1171; x_wconf 88' lang='lat' dir='ltr'><strong>Hinc</strong></span> <span class='ocrx_word' id='word_1_52' title='bbox 796 1113 865 1172; x_wconf 86' lang='lat' dir='ltr'><strong>et</strong></span> <span class='ocrx_word' id='word_1_53' title='bbox 907 1106 1070 1173; x_wconf 88' lang='lat' dir='ltr'><strong>illud</strong></span> <span class='ocrx_word' id='word_1_54' title='bbox 1116 1107 1415 1175; x_wconf 84' lang='lat' dir='ltr'><strong>Davidis:</strong></span> <span class='ocrx_word' id='word_1_55' title='bbox 1464 1113 1543 1182; x_wconf 85' lang='grc' dir='ltr'><strong>ὡς</strong></span> <span class='ocrx_word' id='word_1_56' title='bbox 1579 1110 1601 1147; x_wconf 86' lang='lat'>²</span> <span class='ocrx_word' id='word_1_57' title='bbox 1645 1106 1873 1199; x_wconf 80' lang='grc' dir='ltr'>γλυκέα</span> <span class='ocrx_word' id='word_1_58' title='bbox 1919 1117 2008 1189; x_wconf 81' lang='grc' dir='ltr'><strong>τῷ</strong></span> <span class='ocrx_word' id='word_1_59' title='bbox 2052 1104 2311 1195; x_wconf 80' lang='grc' dir='ltr'>λαρύγγί</span> <span class='ocrx_word' id='word_1_60' title='bbox 2365 1128 2478 1193; x_wconf 82' lang='grc' dir='ltr'><strong>μου</strong></span> 
     </span>
     <span class='ocr_line' id='line_1_8' title="bbox 156 1211 2481 1303; baseline -0 -27"><span class='ocrx_word' id='word_1_61' title='bbox 156 1213 223 1276; x_wconf 78' lang='grc' dir='ltr'><strong>τοὶ</strong></span> <span class='ocrx_word' id='word_1_62' title='bbox 266 1213 449 1303; x_wconf 84' lang='grc' dir='ltr'>λόγια</span> <span class='ocrx_word' id='word_1_63' title='bbox 498 1236 603 1277; x_wconf 87' lang='grc' dir='ltr'><strong>σου</strong></span> <span class='ocrx_word' id='word_1_64' title='bbox 651 1211 795 1302; x_wconf 85' lang='grc' dir='ltr'>ὑπὲρ</span> <span class='ocrx_word' id='word_1_65' title='bbox 844 1214 979 1300; x_wconf 81' lang='grc' dir='ltr'><strong>μέλι</strong></span> <span class='ocrx_word' id='word_1_66' title='bbox 1023 1224 1115 1297; x_wconf 82' lang='grc' dir='ltr'><strong>τῷ</strong></span> <span class='ocrx_word' id='word_1_67' title='bbox 1162 1214 1421 1303; x_wconf 80' lang='grc' dir='ltr'>στόματι</span> <span class='ocrx_word' id='word_1_68' title='bbox 1466 1236 1598 1301; x_wconf 84' lang='grc' dir='ltr'><strong>μου.</strong></span> <span class='ocrx_word' id='word_1_69' title='bbox 1691 1211 1990 1279; x_wconf 83' lang='lat' dir='ltr'><strong>Ezechiel</strong></span> <span class='ocrx_word' id='word_1_70' title='bbox 2021 1231 2278 1297; x_wconf 85' lang='lat' dir='ltr'><strong>quoque</strong></span> <span class='ocrx_word' id='word_1_71' title='bbox 2309 1230 2481 1276; x_wconf 90' lang='lat' dir='ltr'><strong>com-</strong></span> 
     </span>
     <span class='ocr_line' id='line_1_9' title="bbox 156 1310 2479 1404; baseline -0.002 -23"><span class='ocrx_word' id='word_1_72' title='bbox 156 1318 409 1384; x_wconf 87' lang='lat' dir='ltr'><strong>medens</strong></span> <span class='ocrx_word' id='word_1_73' title='bbox 462 1310 675 1379; x_wconf 55' lang='lat' dir='ltr'><strong>abiar.</strong></span> <span class='ocrx_word' id='word_1_74' title='bbox 724 1318 1113 1385; x_wconf 88' lang='lat' dir='ltr'><strong>suavitatem</strong></span> <span class='ocrx_word' id='word_1_75' title='bbox 1162 1318 1568 1404; x_wconf 84' lang='lat' dir='ltr'>eloquiorum</span> <span class='ocrx_word' id='word_1_76' title='bbox 1614 1317 1736 1385; x_wconf 90' lang='lat' dir='ltr'><strong>Dei</strong></span> <span class='ocrx_word' id='word_1_77' title='bbox 1791 1317 2084 1384; x_wconf 85' lang='lat' dir='ltr'><strong>indicans</strong></span> <span class='ocrx_word' id='word_1_78' title='bbox 2129 1317 2226 1383; x_wconf 82' lang='lat' dir='ltr'><strong>ait</strong></span> <span class='ocrx_word' id='word_1_79' title='bbox 2272 1328 2418 1377; x_wconf 62' lang='lat' dir='ltr'><strong>*nm</strong></span> <span class='ocrx_word' id='word_1_80' title='bbox 2451 1314 2479 1354; x_wconf 81' lang='lat'>²</span> 
     </span>
     <span class='ocr_line' id='line_1_10' title="bbox 158 1416 2478 1507; baseline -0.004 -13"><span class='ocrx_word' id='word_1_81' title='bbox 158 1416 347 1494; x_wconf 60' lang='grc' dir='ltr'><strong>ΡἾΜΒ</strong></span> <span class='ocrx_word' id='word_1_82' title='bbox 384 1435 575 1485; x_wconf 67' lang='lat' dir='ltr'><strong>&#39;vn-¹:</strong></span> <span class='ocrx_word' id='word_1_83' title='bbox 613 1438 735 1490; x_wconf 64' lang='grc' dir='ltr'><strong>ἐπι.</strong></span> <span class='ocrx_word' id='word_1_84' title='bbox 837 1424 973 1507; x_wconf 84' lang='lat' dir='ltr'><strong>Ego</strong></span> <span class='ocrx_word' id='word_1_85' title='bbox 1020 1445 1175 1491; x_wconf 87' lang='lat' dir='ltr'><strong>vero</strong></span> <span class='ocrx_word' id='word_1_86' title='bbox 1221 1424 1383 1491; x_wconf 88' lang='lat' dir='ltr'>nihil</span> <span class='ocrx_word' id='word_1_87' title='bbox 1428 1423 1562 1491; x_wconf 88' lang='lat' dir='ltr'><strong>tale</strong></span> <span class='ocrx_word' id='word_1_88' title='bbox 1620 1422 1938 1489; x_wconf 86' lang='lat' dir='ltr'><strong>hactenus</strong></span> <span class='ocrx_word' id='word_1_89' title='bbox 1994 1423 2063 1488; x_wconf 86' lang='lat' dir='ltr'><strong>in</strong></span> <span class='ocrx_word' id='word_1_90' title='bbox 2122 1442 2224 1489; x_wconf 90' lang='lat' dir='ltr'><strong>me</strong></span> <span class='ocrx_word' id='word_1_91' title='bbox 2288 1420 2478 1501; x_wconf 86' lang='lat' dir='ltr'><strong>sensi,</strong></span> 
     </span>
     <span class='ocr_line' id='line_1_11' title="bbox 160 1526 2480 1615; baseline -0.001 -22"><span class='ocrx_word' id='word_1_92' title='bbox 160 1529 303 1595; x_wconf 86' lang='lat' dir='ltr'><strong>adeo</strong></span> <span class='ocrx_word' id='word_1_93' title='bbox 345 1528 507 1594; x_wconf 89' lang='lat' dir='ltr'><strong>mihi</strong></span> <span class='ocrx_word' id='word_1_94' title='bbox 554 1549 791 1595; x_wconf 88' lang='lat' dir='ltr'><strong>cornea</strong></span> <span class='ocrx_word' id='word_1_95' title='bbox 834 1527 1001 1595; x_wconf 87' lang='lat' dir='ltr'><strong>fibra</strong></span> <span class='ocrx_word' id='word_1_96' title='bbox 1048 1534 1166 1596; x_wconf 91' lang='lat' dir='ltr'><strong>est.</strong></span> <span class='ocrx_word' id='word_1_97' title='bbox 1260 1531 1437 1597; x_wconf 88' lang='lat' dir='ltr'><strong>Deus</strong></span> <span class='ocrx_word' id='word_1_98' title='bbox 1484 1534 1615 1615; x_wconf 90' lang='lat' dir='ltr'><strong>opt.</strong></span> <span class='ocrx_word' id='word_1_99' title='bbox 1648 1549 1814 1595; x_wconf 83' lang='lat' dir='ltr'><strong>max.</strong></span> <span class='ocrx_word' id='word_1_100' title='bbox 1846 1526 2063 1609; x_wconf 87' lang='lat' dir='ltr'><strong>faciat,</strong></span> <span class='ocrx_word' id='word_1_101' title='bbox 2108 1534 2184 1593; x_wconf 88' lang='lat' dir='ltr'><strong>ut</strong></span> <span class='ocrx_word' id='word_1_102' title='bbox 2214 1526 2480 1594; x_wconf 83' lang='lat' dir='ltr'><strong>tandem</strong></span> 
     </span>
     <span class='ocr_line' id='line_1_12' title="bbox 162 1632 2481 1721; baseline 0 -22"><span class='ocrx_word' id='word_1_103' title='bbox 162 1634 463 1701; x_wconf 81' lang='lat' dir='ltr'><strong>formetur</strong></span> <span class='ocrx_word' id='word_1_104' title='bbox 510 1654 623 1699; x_wconf 87' lang='lat' dir='ltr'><strong>cor</strong></span> <span class='ocrx_word' id='word_1_105' title='bbox 666 1655 884 1701; x_wconf 87' lang='lat' dir='ltr'><strong>meum</strong></span> <span class='ocrx_word' id='word_1_106' title='bbox 928 1634 1017 1701; x_wconf 91' lang='lat' dir='ltr'><strong>ad</strong></span> <span class='ocrx_word' id='word_1_107' title='bbox 1059 1640 1413 1721; x_wconf 86' lang='lat' dir='ltr'><strong>praecepta</strong></span> <span class='ocrx_word' id='word_1_108' title='bbox 1459 1635 1621 1721; x_wconf 86' lang='lat' dir='ltr'><strong>ejus,</strong></span> <span class='ocrx_word' id='word_1_109' title='bbox 1665 1638 1742 1701; x_wconf 87' lang='lat' dir='ltr'><strong>ut</strong></span> <span class='ocrx_word' id='word_1_110' title='bbox 1772 1632 1930 1699; x_wconf 89' lang='lat' dir='ltr'>nihil</span> <span class='ocrx_word' id='word_1_111' title='bbox 1961 1633 2215 1700; x_wconf 84' lang='lat' dir='ltr'><strong>dulcius</strong></span> <span class='ocrx_word' id='word_1_112' title='bbox 2247 1632 2481 1699; x_wconf 83' lang='lat' dir='ltr'><strong>ducam</strong></span> 
     </span>
     <span class='ocr_line' id='line_1_13' title="bbox 176 1738 1768 1826; baseline 0.001 -23"><span class='ocrx_word' id='word_1_113' title='bbox 176 1762 339 1824; x_wconf 86' lang='lat' dir='ltr'><strong>quam</strong></span> <span class='ocrx_word' id='word_1_114' title='bbox 387 1739 697 1805; x_wconf 90' lang='lat' dir='ltr'><strong>meditari</strong></span> <span class='ocrx_word' id='word_1_115' title='bbox 740 1739 807 1805; x_wconf 90' lang='lat' dir='ltr'><strong>in</strong></span> <span class='ocrx_word' id='word_1_116' title='bbox 853 1739 994 1823; x_wconf 85' lang='lat' dir='ltr'><strong>lege</strong></span> <span class='ocrx_word' id='word_1_117' title='bbox 1040 1740 1181 1826; x_wconf 86' lang='lat' dir='ltr'><strong>ejus</strong></span> <span class='ocrx_word' id='word_1_118' title='bbox 1228 1741 1331 1808; x_wconf 90' lang='lat' dir='ltr'><strong>die</strong></span> <span class='ocrx_word' id='word_1_119' title='bbox 1378 1762 1455 1807; x_wconf 89' lang='lat' dir='ltr'><strong>ac</strong></span> <span class='ocrx_word' id='word_1_120' title='bbox 1499 1746 1690 1807; x_wconf 86' lang='lat' dir='ltr'><strong>nocte</strong></span> <span class='ocrx_word' id='word_1_121' title='bbox 1726 1738 1768 1805; x_wconf 79' lang='lat'><strong>⁸.</strong></span> 
     </span>
    </p>

    <p class='ocr_par' dir='ltr' id='par_1_3' title="bbox 161 1841 2485 2759">
     <span class='ocr_line' id='line_1_14' title="bbox 317 1841 2484 1913; baseline 0 -2"><span class='ocrx_word' id='word_1_122' title='bbox 317 1844 629 1911; x_wconf 83' lang='lat' dir='ltr'><strong>Referam</strong></span> <span class='ocrx_word' id='word_1_123' title='bbox 687 1846 809 1911; x_wconf 89' lang='lat' dir='ltr'><strong>tibi</strong></span> <span class='ocrx_word' id='word_1_124' title='bbox 864 1845 1069 1911; x_wconf 81' lang='lat' dir='ltr'><strong>studii</strong></span> <span class='ocrx_word' id='word_1_125' title='bbox 1128 1847 1258 1913; x_wconf 89' lang='lat' dir='ltr'><strong>mei</strong></span> <span class='ocrx_word' id='word_1_126' title='bbox 1313 1844 1776 1913; x_wconf 87' lang='lat' dir='ltr'><strong>difficultatem.</strong></span> <span class='ocrx_word' id='word_1_127' title='bbox 1868 1843 2048 1911; x_wconf 89' lang='lat' dir='ltr'><strong>Solet</strong></span> <span class='ocrx_word' id='word_1_128' title='bbox 2103 1841 2279 1909; x_wconf 88' lang='lat' dir='ltr'><strong>idem</strong></span> <span class='ocrx_word' id='word_1_129' title='bbox 2321 1842 2484 1911; x_wconf 81' lang='lat' dir='ltr'><strong>mihi</strong></span> 
     </span>
     <span class='ocr_line' id='line_1_15' title="bbox 166 1948 2482 2037; baseline 0 -21"><span class='ocrx_word' id='word_1_130' title='bbox 166 1972 309 2017; x_wconf 85' lang='lat' dir='ltr'><strong>nunc</strong></span> <span class='ocrx_word' id='word_1_131' title='bbox 360 1951 738 2035; x_wconf 86' lang='lat' dir='ltr'><strong>contingere</strong></span> <span class='ocrx_word' id='word_1_132' title='bbox 802 1951 976 2036; x_wconf 82' lang='lat' dir='ltr'><strong>quod</strong></span> <span class='ocrx_word' id='word_1_133' title='bbox 1037 1958 1105 2018; x_wconf 90' lang='lat' dir='ltr'><strong>et</strong></span> <span class='ocrx_word' id='word_1_134' title='bbox 1162 1951 1624 2037; x_wconf 81' lang='lat' dir='ltr'><strong>gloriosissimo</strong></span> <span class='ocrx_word' id='word_1_135' title='bbox 1673 1950 2065 2036; x_wconf 82' lang='lat' dir='ltr'><strong>Hieronymo</strong></span> <span class='ocrx_word' id='word_1_136' title='bbox 2121 1950 2234 2035; x_wconf 84' lang='lat' dir='ltr'><strong>qui</strong></span> <span class='ocrx_word' id='word_1_137' title='bbox 2279 1956 2356 2016; x_wconf 89' lang='lat' dir='ltr'><strong>ut</strong></span> <span class='ocrx_word' id='word_1_138' title='bbox 2400 1948 2482 2016; x_wconf 90' lang='lat' dir='ltr'><strong>de</strong></span> 
     </span>
     <span class='ocr_line' id='line_1_16' title="bbox 164 2054 2482 2141; baseline 0.001 -20"><span class='ocrx_word' id='word_1_139' title='bbox 164 2058 391 2141; x_wconf 86' lang='lat' dir='ltr'><strong>seipso</strong></span> <span class='ocrx_word' id='word_1_140' title='bbox 422 2062 733 2137; x_wconf 85' lang='lat' dir='ltr'><strong>testatur,</strong></span> <span class='ocrx_word' id='word_1_141' title='bbox 766 2075 970 2141; x_wconf 86' lang='lat' dir='ltr'><strong>quum</strong></span> <span class='ocrx_word' id='word_1_142' title='bbox 1000 2058 1341 2124; x_wconf 86' lang='lat' dir='ltr'><strong>stridentia</strong></span> <span class='ocrx_word' id='word_1_143' title='bbox 1368 2057 1486 2125; x_wconf 88' lang='lat' dir='ltr'><strong>illa</strong></span> <span class='ocrx_word' id='word_1_144' title='bbox 1515 2063 1586 2125; x_wconf 91' lang='lat' dir='ltr'><strong>et</strong></span> <span class='ocrx_word' id='word_1_145' title='bbox 1611 2056 1984 2123; x_wconf 78' lang='lat' dir='ltr'><strong>anhelantia.</strong></span> <span class='ocrx_word' id='word_1_146' title='bbox 2017 2054 2218 2123; x_wconf 86' lang='lat' dir='ltr'><strong>verba</strong></span> <span class='ocrx_word' id='word_1_147' title='bbox 2251 2076 2482 2123; x_wconf 84' lang='lat' dir='ltr'><strong>sonare</strong></span> 
     </span>
     <span class='ocr_line' id='line_1_17' title="bbox 164 2161 2480 2247; baseline 0 -20"><span class='ocrx_word' id='word_1_148' title='bbox 164 2184 275 2227; x_wconf 88' lang='lat' dir='ltr'><strong>non</strong></span> <span class='ocrx_word' id='word_1_149' title='bbox 331 2167 577 2247; x_wconf 90' lang='lat' dir='ltr'><strong>posset.</strong></span> <span class='ocrx_word' id='word_1_150' title='bbox 672 2162 879 2246; x_wconf 88' lang='lat' dir='ltr'><strong>Saepe</strong></span> <span class='ocrx_word' id='word_1_151' title='bbox 940 2163 1295 2247; x_wconf 86' lang='lat' dir='ltr'><strong>desperans</strong></span> <span class='ocrx_word' id='word_1_152' title='bbox 1356 2163 1611 2230; x_wconf 78' lang='lat' dir='ltr'><strong>destitit</strong></span> <span class='ocrx_word' id='word_1_153' title='bbox 1664 2169 1732 2230; x_wconf 92' lang='lat' dir='ltr'><strong>et</strong></span> <span class='ocrx_word' id='word_1_154' title='bbox 1778 2162 2066 2230; x_wconf 88' lang='lat' dir='ltr'><strong>studium</strong></span> <span class='ocrx_word' id='word_1_155' title='bbox 2113 2161 2480 2246; x_wconf 80' lang='lat' dir='ltr'><strong>intercepit,</strong></span> 
     </span>
     <span class='ocr_line' id='line_1_18' title="bbox 165 2268 2485 2353; baseline 0.001 -21"><span class='ocrx_word' id='word_1_156' title='bbox 165 2288 545 2353; x_wconf 84' lang='lat' dir='ltr'><strong>rursumque</strong></span> <span class='ocrx_word' id='word_1_157' title='bbox 602 2268 1012 2335; x_wconf 86' lang='lat' dir='ltr'><strong>contentione</strong></span> <span class='ocrx_word' id='word_1_158' title='bbox 1067 2268 1360 2335; x_wconf 86' lang='lat' dir='ltr'><strong>discendi</strong></span> <span class='ocrx_word' id='word_1_159' title='bbox 1412 2290 1677 2353; x_wconf 84' lang='lat' dir='ltr'><strong>operam</strong></span> <span class='ocrx_word' id='word_1_160' title='bbox 1723 2268 2010 2333; x_wconf 86' lang='lat' dir='ltr'><strong>navavit.</strong></span> <span class='ocrx_word' id='word_1_161' title='bbox 2104 2268 2292 2345; x_wconf 82' lang='lat' dir='ltr'><strong>Quod</strong></span> <span class='ocrx_word' id='word_1_162' title='bbox 2355 2268 2485 2335; x_wconf 87' lang='lat' dir='ltr'><strong>etsi</strong></span> 
     </span>
     <span class='ocr_line' id='line_1_19' title="bbox 162 2371 2484 2461; baseline 0.002 -24"><span class='ocrx_word' id='word_1_163' title='bbox 162 2374 517 2459; x_wconf 86' lang='lat' dir='ltr'><strong>hujusmodi</strong></span> <span class='ocrx_word' id='word_1_164' title='bbox 561 2372 865 2439; x_wconf 88' lang='lat' dir='ltr'><strong>fluctibus</strong></span> <span class='ocrx_word' id='word_1_165' title='bbox 897 2375 1177 2459; x_wconf 87' lang='lat' dir='ltr'><strong>quatiar,</strong></span> <span class='ocrx_word' id='word_1_166' title='bbox 1208 2396 1328 2443; x_wconf 90' lang='lat' dir='ltr'><strong>nec</strong></span> <span class='ocrx_word' id='word_1_167' title='bbox 1358 2393 1646 2461; x_wconf 83' lang='lat' dir='ltr'><strong>unquam</strong></span> <span class='ocrx_word' id='word_1_168' title='bbox 1679 2373 1765 2438; x_wconf 87' lang='lat' dir='ltr'><strong>ad</strong></span> <span class='ocrx_word' id='word_1_169' title='bbox 1796 2394 2074 2457; x_wconf 85' lang='lat' dir='ltr'><strong>unguem</strong></span> <span class='ocrx_word' id='word_1_170' title='bbox 2103 2371 2484 2441; x_wconf 87' lang='lat' dir='ltr'><strong>hebraicum</strong></span> 
     </span>
     <span class='ocr_line' id='line_1_20' title="bbox 161 2479 2484 2566; baseline 0 -23"><span class='ocrx_word' id='word_1_171' title='bbox 161 2500 507 2545; x_wconf 84' lang='lat' dir='ltr'><strong>sermonem</strong></span> <span class='ocrx_word' id='word_1_172' title='bbox 554 2500 789 2545; x_wconf 86' lang='lat' dir='ltr'><strong>sonare</strong></span> <span class='ocrx_word' id='word_1_173' title='bbox 834 2501 1026 2564; x_wconf 85' lang='lat' dir='ltr'><strong>posse</strong></span> <span class='ocrx_word' id='word_1_174' title='bbox 1073 2480 1434 2561; x_wconf 87' lang='lat' dir='ltr'><strong>confidam,</strong></span> <span class='ocrx_word' id='word_1_175' title='bbox 1500 2480 1739 2566; x_wconf 83' lang='lat' dir='ltr'><strong>quippe</strong></span> <span class='ocrx_word' id='word_1_176' title='bbox 1807 2479 1919 2564; x_wconf 89' lang='lat' dir='ltr'><strong>qui</strong></span> <span class='ocrx_word' id='word_1_177' title='bbox 1971 2479 2309 2546; x_wconf 86' lang='lat' dir='ltr'><strong>crassioris</strong></span> <span class='ocrx_word' id='word_1_178' title='bbox 2362 2480 2484 2545; x_wconf 87' lang='lat' dir='ltr'><strong>sim</strong></span> 
     </span>
     <span class='ocr_line' id='line_1_21' title="bbox 163 2582 2482 2672; baseline 0 -24"><span class='ocrx_word' id='word_1_179' title='bbox 163 2582 417 2668; x_wconf 84' lang='lat' dir='ltr'><strong>linguae,</strong></span> <span class='ocrx_word' id='word_1_180' title='bbox 467 2584 919 2669; x_wconf 87' lang='lat' dir='ltr'><strong>magnifariam</strong></span> <span class='ocrx_word' id='word_1_181' title='bbox 964 2591 1183 2653; x_wconf 88' lang='lat' dir='ltr'><strong>tamen</strong></span> <span class='ocrx_word' id='word_1_182' title='bbox 1216 2586 1864 2672; x_wconf 75' lang='lat' dir='ltr'><strong>quantulumcunque</strong></span> <span class='ocrx_word' id='word_1_183' title='bbox 1895 2584 2093 2651; x_wconf 86' lang='lat' dir='ltr'><strong>etiam</strong></span> <span class='ocrx_word' id='word_1_184' title='bbox 2124 2585 2482 2669; x_wconf 84' lang='lat' dir='ltr'><strong>profecero.</strong></span> 
     </span>
     <span class='ocr_line' id='line_1_22' title="bbox 170 2688 1117 2759; baseline 0.003 -4"><span class='ocrx_word' id='word_1_185' title='bbox 170 2688 409 2757; x_wconf 87' lang='lat' dir='ltr'><strong>Solatur</strong></span> <span class='ocrx_word' id='word_1_186' title='bbox 452 2712 561 2757; x_wconf 88' lang='lat' dir='ltr'><strong>me</strong></span> <span class='ocrx_word' id='word_1_187' title='bbox 603 2690 766 2757; x_wconf 88' lang='lat' dir='ltr'><strong>illud</strong></span> <span class='ocrx_word' id='word_1_188' title='bbox 812 2691 1057 2759; x_wconf 83' lang='lat' dir='ltr'><strong>Flacci:</strong></span> <span class='ocrx_word' id='word_1_189' title='bbox 1090 2692 1117 2731; x_wconf 77' lang='lat'><strong>⁴</strong></span> 
     </span>
    </p>
   </div>
   <div class='ocr_carea' id='block_1_3' title="bbox 502 2836 1941 3095">
    <p class='ocr_par' dir='ltr' id='par_1_4' title="bbox 502 2836 1941 3095">
     <span class='ocr_line' id='line_1_23' title="bbox 506 2836 1941 2904; baseline 0.002 -18"><span class='ocrx_word' id='word_1_190' title='bbox 506 2836 625 2887; x_wconf 86' lang='lat' dir='ltr'><strong>Non</strong></span> <span class='ocrx_word' id='word_1_191' title='bbox 662 2840 833 2904; x_wconf 86' lang='lat' dir='ltr'><strong>possis</strong></span> <span class='ocrx_word' id='word_1_192' title='bbox 872 2838 1024 2889; x_wconf 87' lang='lat' dir='ltr'><strong>oculo</strong></span> <span class='ocrx_word' id='word_1_193' title='bbox 1064 2845 1313 2904; x_wconf 81' lang='lat' dir='ltr'><strong>quantum</strong></span> <span class='ocrx_word' id='word_1_194' title='bbox 1351 2838 1666 2890; x_wconf 86' lang='lat' dir='ltr'><strong>contendere</strong></span> <span class='ocrx_word' id='word_1_195' title='bbox 1703 2837 1941 2904; x_wconf 78' lang='lat' dir='ltr'><strong>lynceus,</strong></span> 
     </span>
     <span class='ocr_line' id='line_1_24' title="bbox 502 2925 1867 2995; baseline 0.001 -20"><span class='ocrx_word' id='word_1_196' title='bbox 502 2926 620 2975; x_wconf 90' lang='lat' dir='ltr'><strong>Non</strong></span> <span class='ocrx_word' id='word_1_197' title='bbox 660 2935 833 2977; x_wconf 87' lang='lat' dir='ltr'><strong>tamen</strong></span> <span class='ocrx_word' id='word_1_198' title='bbox 870 2927 1067 2978; x_wconf 86' lang='lat' dir='ltr'><strong>iccirco</strong></span> <span class='ocrx_word' id='word_1_199' title='bbox 1108 2934 1414 2978; x_wconf 78' lang='lat' dir='ltr'><strong>contemnas</strong></span> <span class='ocrx_word' id='word_1_200' title='bbox 1452 2925 1627 2995; x_wconf 77' lang='lat' dir='ltr'><strong>lippae</strong></span> <span class='ocrx_word' id='word_1_201' title='bbox 1665 2927 1867 2993; x_wconf 80' lang='lat' dir='ltr'><strong>inungi,</strong></span> 
     </span>
     <span class='ocr_line' id='line_1_25' title="bbox 504 3014 1941 3095; baseline 0.002 -32"><span class='ocrx_word' id='word_1_202' title='bbox 504 3014 601 3063; x_wconf 88' lang='lat' dir='ltr'><strong>Est</strong></span> <span class='ocrx_word' id='word_1_203' title='bbox 641 3014 864 3079; x_wconf 85' lang='lat' dir='ltr'><strong>quodam</strong></span> <span class='ocrx_word' id='word_1_204' title='bbox 903 3015 1113 3095; x_wconf 80' lang='lat' dir='ltr'><strong>prodire</strong></span> <span class='ocrx_word' id='word_1_205' title='bbox 1152 3022 1331 3081; x_wconf 83' lang='lat' dir='ltr'><strong>tenus,</strong></span> <span class='ocrx_word' id='word_1_206' title='bbox 1366 3017 1415 3066; x_wconf 89' lang='lat' dir='ltr'><strong>si</strong></span> <span class='ocrx_word' id='word_1_207' title='bbox 1451 3032 1554 3066; x_wconf 87' lang='lat' dir='ltr'><strong>non</strong></span> <span class='ocrx_word' id='word_1_208' title='bbox 1595 3015 1748 3068; x_wconf 78' lang='lat' dir='ltr'><strong>datur</strong></span> <span class='ocrx_word' id='word_1_209' title='bbox 1787 3016 1941 3066; x_wconf 84' lang='lat' dir='ltr'><strong>ultra.</strong></span> 
     </span>
    </p>
   </div>
   <div class='ocr_carea' id='block_1_4' title="bbox 326 3141 2484 3231">
    <p class='ocr_par' dir='ltr' id='par_1_5' title="bbox 326 3141 2484 3231">
     <span class='ocr_line' id='line_1_26' title="bbox 326 3141 2484 3231; baseline 0.003 -25"><span class='ocrx_word' id='word_1_210' title='bbox 326 3141 521 3207; x_wconf 87' lang='lat' dir='ltr'><strong>Abba</strong></span> <span class='ocrx_word' id='word_1_211' title='bbox 594 3150 815 3209; x_wconf 87' lang='lat' dir='ltr'><strong>noster</strong></span> <span class='ocrx_word' id='word_1_212' title='bbox 893 3145 1302 3229; x_wconf 87' lang='lat' dir='ltr'><strong>dignissimus</strong></span> <span class='ocrx_word' id='word_1_213' title='bbox 1370 3152 1558 3231; x_wconf 90' lang='lat' dir='ltr'><strong>optat</strong></span> <span class='ocrx_word' id='word_1_214' title='bbox 1621 3151 1686 3211; x_wconf 91' lang='lat' dir='ltr'><strong>te</strong></span> <span class='ocrx_word' id='word_1_215' title='bbox 1760 3145 1921 3212; x_wconf 90' lang='lat' dir='ltr'><strong>bene</strong></span> <span class='ocrx_word' id='word_1_216' title='bbox 1989 3143 2226 3213; x_wconf 83' lang='lat' dir='ltr'><strong>valere.</strong></span> <span class='ocrx_word' id='word_1_217' title='bbox 2319 3145 2484 3213; x_wconf 87' lang='lat' dir='ltr'><strong>Vale</strong></span> 
     </span>
    </p>
   </div>
   <div class='ocr_carea' id='block_1_5' title="bbox 172 3241 2484 3439">
    <p class='ocr_par' dir='ltr' id='par_1_6' title="bbox 172 3241 2484 3439">
     <span class='ocr_line' id='line_1_27' title="bbox 172 3241 2484 3338; baseline 0.006 -32"><span class='ocrx_word' id='word_1_218' title='bbox 172 3241 342 3326; x_wconf 79' lang='lat' dir='ltr'><strong>foelix,</strong></span> <span class='ocrx_word' id='word_1_219' title='bbox 389 3246 803 3315; x_wconf 75' lang='lat' dir='ltr'><strong>literatorum</strong></span> <span class='ocrx_word' id='word_1_220' title='bbox 850 3252 1216 3318; x_wconf 86' lang='lat' dir='ltr'><strong>monarcha.</strong></span> <span class='ocrx_word' id='word_1_221' title='bbox 1279 3252 1375 3317; x_wconf 85' lang='lat' dir='ltr'><strong>Ex</strong></span> <span class='ocrx_word' id='word_1_222' title='bbox 1408 3252 1809 3334; x_wconf 86' lang='lat' dir='ltr'><strong>Ottenpurra</strong></span> <span class='ocrx_word' id='word_1_223' title='bbox 1842 3258 1882 3317; x_wconf 88' lang='grc'><strong>4</strong></span> <span class='ocrx_word' id='word_1_224' title='bbox 1915 3252 2016 3318; x_wconf 90' lang='lat' dir='ltr'><strong>Kl.</strong></span> <span class='ocrx_word' id='word_1_225' title='bbox 2051 3252 2258 3338; x_wconf 89' lang='lat' dir='ltr'><strong>Majas</strong></span> <span class='ocrx_word' id='word_1_226' title='bbox 2295 3256 2484 3328; x_wconf 79' lang='lat'>1510,</span> 
     </span>
     <span class='ocr_line' id='line_1_28' title="bbox 324 3356 1740 3439; baseline 0.006 -23"><span class='ocrx_word' id='word_1_227' title='bbox 324 3357 471 3417; x_wconf 84' lang='lat' dir='ltr'><strong>Msc.</strong></span> <span class='ocrx_word' id='word_1_228' title='bbox 508 3358 795 3433; x_wconf 78' lang='lat' dir='ltr'><strong>Ellenbog</strong></span> <span class='ocrx_word' id='word_1_229' title='bbox 826 3358 927 3419; x_wconf 88' lang='lat' dir='ltr'><strong>lib.</strong></span> <span class='ocrx_word' id='word_1_230' title='bbox 961 3360 1008 3434; x_wconf 90' lang='grc' dir='ltr'><strong>Ι,</strong></span> <span class='ocrx_word' id='word_1_231' title='bbox 1042 3363 1211 3437; x_wconf 85' lang='lat' dir='ltr'><strong>epist.</strong></span> <span class='ocrx_word' id='word_1_232' title='bbox 1249 3365 1328 3421; x_wconf 88' lang='lat'><strong>77</strong></span> <span class='ocrx_word' id='word_1_233' title='bbox 1364 3361 1464 3423; x_wconf 87' lang='lat' dir='ltr'><strong>fol.</strong></span> <span class='ocrx_word' id='word_1_234' title='bbox 1503 3356 1623 3423; x_wconf 68' lang='lat'><strong>661³</strong></span> <span class='ocrx_word' id='word_1_235' title='bbox 1655 3382 1740 3439; x_wconf 89' lang='lat' dir='ltr'><strong>sq.</strong></span> 
     </span>
    </p>
   </div>
   <div class='ocr_carea' id='block_1_6' title="bbox 290 3536 2428 3696">
    <p class='ocr_par' dir='ltr' id='par_1_7' title="bbox 290 3536 2428 3696">
     <span class='ocr_line' id='line_1_29' title="bbox 1182 3536 2428 3627; baseline -0.005 -15"><span class='ocrx_word' id='word_1_236' title='bbox 1182 3536 1467 3614; x_wconf 64' lang='lat' dir='ltr'><strong>cxvni</strong></span> <span class='ocrx_word' id='word_1_237' title='bbox 2421 3620 2428 3627; x_wconf 40' lang='lat'><strong>,</strong></span> 
     </span>
     <span class='ocr_line' id='line_1_30' title="bbox 290 3626 2413 3696; baseline 0.004 -17"><span class='ocrx_word' id='word_1_238' title='bbox 290 3626 575 3696; x_wconf 71' lang='lat' dir='ltr'><strong>stuttgart.</strong></span> <span class='ocrx_word' id='word_1_239' title='bbox 1999 3638 2060 3686; x_wconf 84' lang='lat'><strong>12</strong></span> <span class='ocrx_word' id='word_1_240' title='bbox 2099 3632 2216 3685; x_wconf 73' lang='lat' dir='ltr'><strong>suli</strong></span> <span class='ocrx_word' id='word_1_241' title='bbox 2259 3633 2413 3687; x_wconf 88' lang='lat'><strong>1510.</strong></span> 
     </span>
    </p>
   </div>
   <div class='ocr_carea' id='block_1_7' title="bbox 171 3723 2481 3967">
    <p class='ocr_par' dir='ltr' id='par_1_8' title="bbox 171 3723 2481 3967">
     <span class='ocr_line' id='line_1_31' title="bbox 176 3723 2481 3836; baseline 0.006 -33"><span class='ocrx_word' id='word_1_242' title='bbox 176 3723 451 3807; x_wconf 83' lang='lat' dir='ltr'><strong>Maister</strong></span> <span class='ocrx_word' id='word_1_243' title='bbox 468 3732 829 3809; x_wconf 83' lang='lat' dir='ltr'><strong>Hannsen</strong></span> <span class='ocrx_word' id='word_1_244' title='bbox 848 3735 1370 3836; x_wconf 84' lang='lat' dir='ltr'><strong>Ammerbach,</strong></span> <span class='ocrx_word' id='word_1_245' title='bbox 1414 3739 1585 3815; x_wconf 88' lang='lat' dir='ltr'><strong>dem</strong></span> <span class='ocrx_word' id='word_1_246' title='bbox 1609 3738 2106 3817; x_wconf 79' lang='lat' dir='ltr'><strong>buchtriicker</strong></span> <span class='ocrx_word' id='word_1_247' title='bbox 2133 3767 2225 3813; x_wconf 88' lang='lat' dir='ltr'><strong>zu</strong></span> <span class='ocrx_word' id='word_1_248' title='bbox 2239 3738 2481 3835; x_wconf 84' lang='lat' dir='ltr'><strong>Basel,</strong></span> 
     </span>
     <span class='ocr_line' id='line_1_32' title="bbox 171 3853 2480 3967; baseline 0.005 -42"><span class='ocrx_word' id='word_1_249' title='bbox 171 3853 428 3931; x_wconf 88' lang='lat' dir='ltr'><strong>minem</strong></span> <span class='ocrx_word' id='word_1_250' title='bbox 478 3856 724 3932; x_wconf 88' lang='lat' dir='ltr'><strong>lieben</strong></span> <span class='ocrx_word' id='word_1_251' title='bbox 775 3859 930 3934; x_wconf 88' lang='lat' dir='ltr'><strong>und</strong></span> <span class='ocrx_word' id='word_1_252' title='bbox 982 3874 1239 3961; x_wconf 85' lang='lat' dir='ltr'><strong>gutten</strong></span> <span class='ocrx_word' id='word_1_253' title='bbox 1292 3862 1522 3939; x_wconf 82' lang='lat' dir='ltr'><strong>friind</strong></span> <span class='ocrx_word' id='word_1_254' title='bbox 1568 3864 1700 3938; x_wconf 89' lang='lat' dir='ltr'><strong>inn</strong></span> <span class='ocrx_word' id='word_1_255' title='bbox 1753 3864 1870 3939; x_wconf 82' lang='lat' dir='ltr'><strong>sin</strong></span> <span class='ocrx_word' id='word_1_256' title='bbox 1923 3863 2233 3940; x_wconf 86' lang='lat' dir='ltr'><strong>hanndt.</strong></span> <span class='ocrx_word' id='word_1_257' title='bbox 2330 3860 2480 3967; x_wconf 81' lang='lat' dir='ltr'><strong>[JO.</strong></span> 
     </span>
    </p>
   </div>
   <div class='ocr_carea' id='block_1_8' title="bbox 932 3983 1700 4087">
    <p class='ocr_par' dir='ltr' id='par_1_9' title="bbox 932 3983 1700 4087">
     <span class='ocr_line' id='line_1_33' title="bbox 932 3983 1700 4087; baseline 0.003 -29"><span class='ocrx_word' id='word_1_258' title='bbox 932 3983 1326 4087; x_wconf 84' lang='lat' dir='ltr'><strong>Reuchlin]</strong></span> <span class='ocrx_word' id='word_1_259' title='bbox 1367 3985 1440 4063; x_wconf 79' lang='lat' dir='ltr'><strong>S.</strong></span> <span class='ocrx_word' id='word_1_260' title='bbox 1483 3987 1574 4061; x_wconf 91' lang='lat' dir='ltr'><strong>D.</strong></span> <span class='ocrx_word' id='word_1_261' title='bbox 1615 3987 1700 4061; x_wconf 92' lang='lat' dir='ltr'><strong>P.</strong></span> 
     </span>
    </p>
   </div>
   <div class='ocr_carea' id='block_1_9' title="bbox 333 4127 2484 4211">
    <p class='ocr_par' dir='ltr' id='par_1_10' title="bbox 333 4127 2484 4211">
     <span class='ocr_line' id='line_1_34' title="bbox 333 4127 2484 4211; baseline 0.005 -22"><span class='ocrx_word' id='word_1_262' title='bbox 333 4127 553 4192; x_wconf 90' lang='lat' dir='ltr'><strong>Amice</strong></span> <span class='ocrx_word' id='word_1_263' title='bbox 602 4148 795 4211; x_wconf 89' lang='lat' dir='ltr'><strong>quam</strong></span> <span class='ocrx_word' id='word_1_264' title='bbox 844 4128 1445 4199; x_wconf 80' lang='lat' dir='ltr'><strong>observandissime.</strong></span> <span class='ocrx_word' id='word_1_265' title='bbox 1519 4133 1848 4199; x_wconf 85' lang='lat' dir='ltr'><strong>Ecclesiae</strong></span> <span class='ocrx_word' id='word_1_266' title='bbox 1893 4139 2158 4200; x_wconf 88' lang='lat' dir='ltr'><strong>nostrae</strong></span> <span class='ocrx_word' id='word_1_267' title='bbox 2204 4138 2426 4200; x_wconf 89' lang='lat' dir='ltr'><strong>custos</strong></span> <span class='ocrx_word' id='word_1_268' title='bbox 2459 4132 2484 4173; x_wconf 86' lang='lat'>⁵</span> 
     </span>
    </p>
   </div>
   <div class='ocr_carea' id='block_1_10' title="bbox 168 4230 2486 4323">
    <p class='ocr_par' dir='ltr' id='par_1_11' title="bbox 168 4230 2486 4323">
     <span class='ocr_line' id='line_1_35' title="bbox 168 4230 2486 4323; baseline 0.006 -32"><span class='ocrx_word' id='word_1_269' title='bbox 168 4230 467 4303; x_wconf 85' lang='lat' dir='ltr'><strong>patefecit</strong></span> <span class='ocrx_word' id='word_1_270' title='bbox 511 4232 667 4297; x_wconf 91' lang='lat' dir='ltr'><strong>mihi</strong></span> <span class='ocrx_word' id='word_1_271' title='bbox 712 4244 993 4301; x_wconf 88' lang='lat' dir='ltr'><strong>mentem</strong></span> <span class='ocrx_word' id='word_1_272' title='bbox 1040 4244 1222 4304; x_wconf 90' lang='lat' dir='ltr'><strong>tuam</strong></span> <span class='ocrx_word' id='word_1_273' title='bbox 1269 4238 1348 4304; x_wconf 90' lang='lat' dir='ltr'><strong>de</strong></span> <span class='ocrx_word' id='word_1_274' title='bbox 1414 4239 1834 4323; x_wconf 83' lang='lat' dir='ltr'><strong>acceptandis</strong></span> <span class='ocrx_word' id='word_1_275' title='bbox 1879 4238 2066 4305; x_wconf 86' lang='lat' dir='ltr'><strong>libris</strong></span> <span class='ocrx_word' id='word_1_276' title='bbox 2111 4238 2270 4305; x_wconf 90' lang='lat' dir='ltr'><strong>meis</strong></span> <span class='ocrx_word' id='word_1_277' title='bbox 2289 4288 2305 4321; x_wconf 95' lang='lat'><strong>,</strong></span> <span class='ocrx_word' id='word_1_278' title='bbox 2372 4246 2486 4305; x_wconf 88' lang='lat' dir='ltr'><strong>tuo</strong></span> 
     </span>
    </p>
   </div>
   <div class='ocr_carea' id='block_1_11' title="bbox 311 4354 2490 4491">
    <p class='ocr_par' dir='ltr' id='par_1_12' title="bbox 311 4354 2490 4491">
     <span class='ocr_line' id='line_1_36' title="bbox 311 4354 2490 4491; baseline 0.006 -36"><span class='ocrx_word' id='word_1_279' title='bbox 311 4410 333 4453; x_wconf 86' lang='lat'>1</span> <span class='ocrx_word' id='word_1_280' title='bbox 373 4402 456 4475; x_wconf 82' lang='grc' dir='ltr'><strong>ὧς]</strong></span> <span class='ocrx_word' id='word_1_281' title='bbox 493 4410 581 4461; x_wconf 86' lang='lat' dir='ltr'><strong>Ps.</strong></span> <span class='ocrx_word' id='word_1_282' title='bbox 626 4414 723 4463; x_wconf 86' lang='lat'><strong>119</strong></span> <span class='ocrx_word' id='word_1_283' title='bbox 762 4411 928 4480; x_wconf 78' lang='lat' dir='ltr'><strong>(vulg.</strong></span> <span class='ocrx_word' id='word_1_284' title='bbox 974 4418 1113 4483; x_wconf 83' lang='lat'><strong>118),</strong></span> <span class='ocrx_word' id='word_1_285' title='bbox 1156 4354 1298 4467; x_wconf 36' lang='lat'><strong>103?</strong></span> <span class='ocrx_word' id='word_1_286' title='bbox 1380 4420 1407 4465; x_wconf 85' lang='lat'>2</span> <span class='ocrx_word' id='word_1_287' title='bbox 1452 4416 1638 4469; x_wconf 81' lang='lat' dir='ltr'><strong>Ezech.</strong></span> <span class='ocrx_word' id='word_1_288' title='bbox 1680 4420 1726 4481; x_wconf 85' lang='lat'><strong>3,</strong></span> <span class='ocrx_word' id='word_1_289' title='bbox 1767 4418 1816 4467; x_wconf 84' lang='lat'><strong>3.</strong></span> <span class='ocrx_word' id='word_1_290' title='bbox 1925 4418 1954 4467; x_wconf 83' lang='lat'><strong>3</strong></span> <span class='ocrx_word' id='word_1_291' title='bbox 1993 4414 2116 4491; x_wconf 80' lang='lat' dir='ltr'><strong>Vgl.</strong></span> <span class='ocrx_word' id='word_1_292' title='bbox 2141 4414 2324 4467; x_wconf 86' lang='lat' dir='ltr'><strong>Psalm</strong></span> <span class='ocrx_word' id='word_1_293' title='bbox 2365 4420 2410 4481; x_wconf 87' lang='lat'><strong>1,</strong></span> <span class='ocrx_word' id='word_1_294' title='bbox 2441 4420 2490 4469; x_wconf 74' lang='lat'><strong>2.</strong></span> 
     </span>
    </p>
   </div>
   <div class='ocr_carea' id='block_1_12' title="bbox 174 4488 1362 4569">
    <p class='ocr_par' dir='ltr' id='par_1_13' title="bbox 174 4488 1362 4569">
     <span class='ocr_line' id='line_1_37' title="bbox 174 4488 1362 4569; baseline 0.013 -31"><span class='ocrx_word' id='word_1_295' title='bbox 174 4488 205 4533; x_wconf 80' lang='grc'>4</span> <span class='ocrx_word' id='word_1_296' title='bbox 240 4489 365 4543; x_wconf 89' lang='lat' dir='ltr'><strong>Hor.</strong></span> <span class='ocrx_word' id='word_1_297' title='bbox 404 4495 529 4564; x_wconf 85' lang='lat' dir='ltr'><strong>Epp.</strong></span> <span class='ocrx_word' id='word_1_298' title='bbox 568 4500 605 4549; x_wconf 88' lang='lat'><strong>1.</strong></span> <span class='ocrx_word' id='word_1_299' title='bbox 651 4503 695 4564; x_wconf 89' lang='lat'><strong>1,</strong></span> <span class='ocrx_word' id='word_1_300' title='bbox 736 4502 801 4550; x_wconf 88' lang='grc'><strong>28</strong></span> <span class='ocrx_word' id='word_1_301' title='bbox 839 4504 911 4569; x_wconf 83' lang='lat' dir='ltr'><strong>fg.</strong></span> <span class='ocrx_word' id='word_1_302' title='bbox 1023 4506 1055 4553; x_wconf 82' lang='lat'>5</span> <span class='ocrx_word' id='word_1_303' title='bbox 1094 4504 1362 4555; x_wconf 80' lang='lat' dir='ltr'><strong>Naukler?</strong></span> 
     </span>
    </p>
   </div>
  </div>
 </body>
</html>
