2950 5042
1511 395 1644 462 360

589 1125 681 1192 Zu
724 1141 864 1187 uro.
910 1119 1062 1187 xxl
1110 1139 1158 1183 s.
1210 1123 1291 1183 22
1340 1117 1423 1201 fg.
1502 1116 1640 1183 Von
1673 1117 1931 1184 Com-ad
1979 1117 2382 1198 Leontorius,
2429 1135 2556 1181 von
2606 1115 2744 1180 dem

410 1229 577 1295 auch
624 1247 763 1294 uro.
807 1224 1077 1293 XLVIII
1124 1245 1173 1288 s.
1227 1229 1308 1289 42
1356 1223 1441 1306 fg.
1489 1221 1906 1307 geschrieben
1959 1224 2074 1303 ist,
2128 1222 2296 1288 habe
2339 1222 2445 1290 ich
2507 1221 2578 1285 in
2640 1221 2749 1286 der

412 1333 639 1400 Basler
686 1324 1097 1397 offentlichen
1148 1328 1508 1394 bibliothek
1555 1327 1657 1410 (G.
1690 1328 1770 1408 11,
1805 1330 1914 1407 32)
1966 1333 2048 1392 35
2093 1327 2497 1412 autographo
2547 1326 2745 1392 briefe

410 1459 495 1505 811
556 1439 683 1504 den
749 1434 1207 1502 buchdrucker
1266 1434 1400 1499 und
1463 1433 1760 1500 forderer
1819 1434 1937 1500 der
1994 1433 2356 1518 gelehrten‚
2417 1433 2738 1498 ‚Iohannes

412 1543 796 1622 Amerbach,
844 1540 1185 1626 gesuuden,
1230 1539 1469 1605 welche
1520 1539 1626 1604 fiir
1672 1539 1775 1604 die
1822 1539 2529 1624 gelehrtengeschichte
2569 1541 2744 1625 jener

408 1650 535 1716 zeit
588 1647 993 1731 uberhaupt,
1056 1645 1518 1712 insbesondere
1582 1645 1686 1712 fiir
1750 1645 2096 1724 Reuchliu,
2143 1646 2414 1711 manche
2478 1645 2750 1710 branch-

406 1754 565 1822 bare
614 1754 871 1820 notizen
918 1751 1153 1817 bieten.
1234 1751 1538 1816 Einzelne
1588 1751 1948 1832 derselben,
1995 1750 2234 1817 welche
2282 1750 2446 1816 iiber
2493 1751 2602 1816 die
2649 1750 2750 1816 he-

408 1859 751 1927 braischen
802 1857 1057 1924 studien
1099 1859 1289 1943 jener
1334 1858 1488 1936 zeit,
1538 1856 1929 1923 vernemlicli
1976 1859 2096 1926 mit
2141 1857 2749 1941 beriicksichtigung

404 1963 755 2034 Reuchlins
776 1963 1074 2042 haudeln,
1102 1962 1305 2028 solleu
1326 1963 1752 2046 anderweitig
1773 1963 2157 2028 verwerthet
2177 1963 2452 2042 werden,
2467 1965 2573 2028 ein
2593 1963 2756 2028 brief

406 2071 585 2152 aber,
604 2071 722 2138 der
741 2092 855 2136 zur
875 2067 1283 2136 erkenntniss
1306 2069 1422 2135 der
1441 2069 1750 2135 zwischen
1777 2067 2008 2135 beiden
2032 2074 2342 2134 mannern
2369 2069 2754 2136 herrschen·

410 2178 536 2243 den
555 2175 1005 2262 personlichen
1029 2174 1463 2260 beziehungen
1487 2175 1742 2259 wichtig
1757 2176 1862 2255 ist,
1875 2173 2126 2241 scheint
2147 2175 2269 2240 mir
2285 2174 2402 2242 des
2420 2175 2754 2241 abdrucks

408 2303 491 2348 an
522 2283 738 2348 dieser
769 2279 956 2346 stelle
988 2279 1190 2346 werth
1224 2302 1300 2346 zu
1334 2283 1487 2346 sein.
1581 2280 1913 2346 Nachdem
1939 2281 2172 2346 'Leont.
2217 2281 2326 2366 (eit
2359 2281 2601 2346 Hirsau
2649 2280 2752 2346 die

408 2387 471 2452 S.
519 2387 699 2453 Petri
760 2385 843 2450 ad
890 2385 1145 2452 vincula
1200 2391 1397 2460 1509)
1448 2386 1772 2453 berichtet
1829 2386 1971 2465 hat,
2040 2385 2190 2452 dass
2239 2407 2310 2452 er
2340 2369 2522 2450 ‘nach
2573 2387 2749 2452 einer

407 2492 639 2575 langen
686 2492 853 2558 reise
902 2514 978 2557 zu
1026 2513 1265 2556 wasser
1325 2491 1457 2556 und
1519 2491 1668 2558 land
1717 2491 1883 2556 nach
1931 2491 2315 2558 Maulbronn
2366 2489 2749 2576 gekommen

410 2599 529 2679 sei,
590 2597 771 2664 fabr-t
832 2620 903 2662 er
950 2599 1110 2663 fort:
1176 2598 1337 2664 Tum
1387 2619 1504 2681 ego
1551 2600 1848 2664 nuntium
1895 2598 2160 2682 quaesivi
2205 2597 2464 2662 domino
2512 2598 2751 2664 Joanni

409 2704 699 2789 Capnion
746 2710 822 2768 ut
868 2724 1030 2788 opus
1077 2703 1632 2789 hieronymianum
1681 2725 1720 2768 a
1769 2725 1964 2769 manu
2011 2709 2127 2768 tua
2173 2703 2485 2788 scriptum
2536 2725 2750 2770 emen-

411 2809 601 2876 daret
660 2815 727 2874 et
785 2811 1089 2875 nuntium
1136 2810 1395 2894 quidem
1455 2811 1742 2894 repperi,
1805 2807 1916 2873 sed
1983 2829 2106 2873 non
2158 2829 2301 2875 esse
2349 2807 2747 2894 Stutgardiae

409 2915 805 3000 Capniouem
852 2915 1151 2994 rettulit„
1222 2915 1665 2980 Animadverti
1711 2935 1966 3000 quoque
2012 2919 2261 2999 postea,
2309 2937 2455 2981 eum
2507 2917 2751 2999 Argen-

407 3021 602 3086 torati
646 3019 908 3106 publico
958 3023 1245 3104 emporio
1293 3043 1412 3105 per
1458 3021 1597 3087 dies
1645 3020 2133 3106 quatuordecim
2181 3020 2576 3086 interfuisse.
2648 3021 2752 3086 In-

406 3131 590 3192 terea
636 3146 753 3210 ego
797 3126 1211 3211 Hirsaugiam
1257 3127 1602 3193 traductus
1649 3126 1859 3192 altera
1905 3125 2008 3192 die
2047 3127 2300 3211 juvenis
2349 3126 2618 3212 quidem
2668 3129 2748 3194 ad

404 3252 507 3298 me
553 3231 790 3299 ductus
838 3233 947 3318 qui
980 3253 1047 3298 se
1095 3239 1424 3298 assereret
1456 3233 1689 3299 sororii
1721 3233 1847 3299 mei
1894 3233 2084 3298 domo
2116 3231 2434 3316 hospitari
2465 3254 2748 3321 cumque

406 3334 554 3404 e‘um
598 3338 1101 3422 interrogassem
1165 3347 1543 3405 nosceretne
1594 3338 1921 3404 dominum
1971 3338 2393 3423 Capnionem3
2465 3357 2745 3427 cumque
2874 3400 2879 3405 .
2926 3333 2927 3354 ³

407 3443 774 3524 annuisset3
846 3444 899 3509 si
946 3444 1198 3531 aliquot
1242 3444 1467 3510 literas
1517 3465 1692 3510 meas
1739 3443 1832 3509 illi
1878 3445 2247 3529 perferret?
2338 3443 2636 3530 Cumque
2681 3446 2744 3510 id

406 3570 475 3613 se
506 3546 933 3616 libentissime
966 3556 1033 3615 et
1063 3551 1431 3616 cautissime
1467 3550 1789 3616 facturum
1820 3551 2244 3635 promisisset,
2266 3549 2391 3616 sibi
2421 3557 2490 3616 et
2520 3551 2742 3618 literas

406 3660 474 3719 et
504 3655 963 3740 quaterniones
996 3663 1145 3721 tuos
1192 3656 1275 3722 ad
1310 3656 1710 3740 Capnionem
1740 3655 2164 3742 perferendos
2195 3658 2503 3723 commisi.
2586 3657 2742 3723 Tum

404 3782 552 3826 ecce
600 3759 893 3846 Capuion
940 3761 1224 3828 crastino
1285 3763 1369 3827 ad
1435 3762 1697 3828 domum
1744 3762 2106 3846 Hirsaugiae
2169 3783 2357 3826 mane
2419 3763 2504 3826 ad
2551 3784 2742 3848 pran-

402 3864 577 3932 dium
648 3867 824 3932 venit
884 3873 952 3932 et
1017 3889 1117 3932 me
1183 3867 1642 3933 humanissime
1713 3867 2163 3933 consalutavit.
2257 3868 2739 3954 Mansimusque

397 3993 519 4055 per
578 3993 726 4038 eum
791 3972 959 4039 diem
1025 3972 1214 4038 simul
1275 3973 1482 4039 multa
1544 3974 2037 4040 confabulantes
2094 3980 2159 4039 et
2203 3968 2613 4058 potissimum
2661 3973 2736 4039 de

395 4083 481 4142 te.
575 4077 867 4171 Cumque
933 4077 1298 4144 retulissem
1362 4080 1421 4145 ei
1481 4078 1562 4144 de
1623 4086 1736 4146 tuo
1797 4080 1929 4146 divi
1993 4079 2368 4166 Hieronymi
2434 4081 2735 4146 instituto

396 4182 629 4247 mirum
693 4183 761 4248 in
826 4183 1089 4249 modum
1156 4184 1575 4270 exhylaratus
1639 4192 1740 4253 est
1785 4185 2162 4271 addixitque
2210 4184 2366 4250 mihi
2413 4207 2484 4251 se
2539 4184 2738 4251 liben-

403 4287 650 4353 tissime
709 4289 1035 4355 facturum
1096 4293 1311 4357 omnia
1373 4313 1772 4378 quaecunque
1840 4301 2062 4377 posset
2129 4293 2194 4356 iu
2257 4291 2565 4357 honorem
2627 4311 2734 4356 no-

402 4390 593 4458 minis
651 4394 743 4458 tui
804 4403 867 4459 et
923 4395 1199 4461 nominis
1254 4397 1382 4461 divi
1427 4397 1820 4481 Hieronymi.
1915 4397 2204 4483 Cumque
2263 4397 2323 4463 ei
2368 4397 2730 4464 accelerato

403 4515 564 4578 opus
612 4518 753 4562 esse
802 4499 1103 4565 dixissem
1152 4501 1377 4568 retulit
1426 4524 1494 4570 se
1543 4503 1665 4570 hoc
1711 4510 2003 4588 tempore
2051 4505 2119 4572 in
2161 4503 2552 4572 aedificandis
2581 4500 2728 4569 aedi-
