2950 5042
1314 345 1400 412 27

215 555 455 617 possem,
501 535 714 600 verbis
746 535 976 600 saltem
1009 534 1563 620 qualibuscunque
1596 535 1843 618 gratias
1875 555 2089 618 agere,
2136 554 2512 620 quanquam

215 658 320 702 non
360 639 540 722 plane
590 640 1046 724 intelligebam,
1094 661 1224 726 qua
1256 639 1509 706 dicendi
1543 640 1749 726 eopia,
1796 639 2030 725 quibus
2062 639 2277 705 verbis
2316 638 2513 705 affee-

214 749 329 808 tum
383 746 576 811 animi
633 766 786 828 erga
849 751 914 809 te
959 745 1086 811 mei
1149 744 1487 812 declarare
1542 747 1901 832 potuissem
1958 767 2097 810 cum
2156 743 2515 830 conoydero

213 849 317 912 vim
361 856 421 914 et-
464 851 778 916 bonitatis
825 857 954 916 tuae
1015 856 1082 914 et
1135 852 1372 916 amoris
1435 873 1629 936 quam
1688 851 1753 916 in
1801 849 2073 916 mirifica
2116 849 2231 914 illa
2287 850 2367 916 tle
2414 871 2517 916 me

211 955 640 1037 praedieatione
705 954 1134 1039 pulcherrime
1193 955 1545 1022 declarasti
1614 976 1811 1041 quum
1886 954 2191 1021 hesterno
2266 955 2519 1040 vesperi

211 1060 270 1121 τὸ
307 1062 599 1149 προοίμιον
644 1051 1026 1150 ἀφροδήσεως
1073 1066 1150 1134 εἰς
1195 1061 1334 1134 τούς
1379 1060 1658 1150 ἐλέγχους
1704 1063 2073 1150 σοφιστικοὺς
2128 1071 2237 1125 τοῦ
2284 1064 2521 1150 ἀριστο-

211 1165 388 1239 τέλους
432 1186 559 1229 non
606 1166 741 1230 sine
790 1164 1216 1230 admiratione
1265 1165 1459 1230 immo
1494 1187 1637 1231 euin
1685 1186 1935 1232 summa
1968 1165 2297 1250 voluptate
2332 1164 2521 1230 vidie·-

212 1289 295 1333 ses
336 1271 432 1334 καὶ
475 1272 592 1361 γὰρ
624 1271 799 1360 ἔρωτι
827 1271 1115 1346 πολλάκις
1147 1267 1196 1352 ᾧ
1226 1271 1535 1360 πολύφαμι
1565 1271 1645 1335 τοὶ
1678 1273 1760 1360 μὴ
1793 1272 1953 1335 καλαὶ
1998 1271 2161 1335 καλαὶ
2200 1270 2516 1360 πέφκνται.

213 1373 511 1440 Praeterea
555 1386 664 1449 τῆς
709 1374 1158 1466 καλοκαγαθίας
1205 1375 1374 1466 ἔργον
1423 1378 1582 1440 ἐστὶν
1613 1372 1731 1448 οἷος
1778 1374 1849 1440 ἄν
1896 1380 1929 1440 ὁ
1975 1365 2250 1464 εὔανδρος
2282 1375 2518 1466 γένοιτο

211 1481 374 1554 τοιούς
450 1471 518 1545 δὲ
585 1485 802 1544 ἑαυτοῦ
869 1478 1018 1544 εἶναι
1075 1481 1147 1544 ἄν
1211 1474 1466 1556 εὔξαιτο.
1563 1480 1703 1552 Tibi
1765 1480 1963 1563 igitur
2026 1501 2145 1564 pro
2208 1479 2520 1563 sapientis

212 1605 360 1650 more
407 1586 744 1668 praemium
793 1585 881 1650 sit
928 1585 1130 1650 virtus
1177 1591 1317 1665 tua,
1364 1585 1474 1650 ubi
1523 1606 1667 1649 mea
1714 1606 1835 1650 non
1872 1583 2300 1669 responderit.
2392 1585 2523 1649 Ita-

217 1711 316 1771 que
360 1711 574 1755 meum
623 1697 1008 1775 perpetuum
1071 1691 1354 1756 studium
1413 1697 1481 1755 et
1536 1699 1827 1756 mutuam
1875 1689 2387 1755 benevolentiam
2435 1688 2519 1754 ob

215 1797 561 1860 memoriam
612 1802 739 1860 tuae
787 1796 1044 1880 optimae
1092 1796 1170 1861 de
1218 1817 1319 1860 me
1366 1795 1505 1881 spei
1553 1795 1768 1880 quoad
1802 1795 2018 1860 vixero
2052 1815 2378 1878 nunquam
2412 1792 2522 1858 de-

213 1899 470 1966 futuram
519 1901 640 1966 tibi
684 1901 1008 1984 polliceor,
1056 1900 1468 1985 conaborque
1516 1900 1707 1966 modo
1754 1900 1918 1965 votis
1965 1899 2213 1985 aspiret
2246 1898 2407 1964 deus
2438 1919 2519 1964 ne

212 2011 316 2069 tuae
375 2007 551 2090 apud
617 2005 1242 2071 Reverendissimum
1302 2006 1629 2071 dominum
1692 2027 2091 2071 communem
2151 2006 2521 2090 episcopum

214 2110 729 2176 wormaciensem
760 2111 994 2177 futurae
1025 2111 1601 2178 commendationis
1635 2113 1901 2196 ejusque
1936 2111 1999 2174 in
2034 2131 2133 2175 me
2183 2108 2520 2174 beneficio-

211 2238 334 2280 rum
377 2217 612 2302 pigeat.
706 2217 865 2282 Vale
928 2217 1124 2300 igitur
1183 2222 1250 2282 et
1294 2239 1396 2282 me
1445 2217 1501 2281 si
1546 2238 1801 2282 mereor
1846 2215 2018 2281 illius
2065 2215 2293 2299 gratiae
2354 2237 2525 2281 com-

211 2324 437 2388 menda.
533 2325 752 2388 Romae
823 2345 902 2388 ex
967 2323 1214 2388 aedibus
1275 2322 1813 2388 Reverendissimi
1876 2323 1993 2386 Dn.
2050 2321 2415 2386 Cardinalis
2462 2319 2523 2384 S.

214 2427 396 2493 Marci
441 2429 708 2494 Calend.
754 2429 1030 2513 Augusti
1083 2433 1272 2492 1490.
2235 2503 2242 2510 ,

374 2543 401 2596 1
441 2561 524 2592 =
560 2539 624 2596 C.
659 2557 710 2597 v.
745 2556 795 2598 e.
829 2557 867 2612 g
900 2534 975 2598 ‘lb
1011 2542 1112 2611 δας
1152 2538 1373 2596 2=J.
1407 2554 1460 2596 v.
1496 2553 1546 2596 e.
1580 2537 1815 2610 kisq.;
1852 2539 1885 2596 3
1929 2557 2007 2588 =
2040 2535 2103 2595 C.
2139 2554 2190 2593 v.
2226 2551 2276 2608 e,
2312 2534 2386 2593 11.
2421 2532 2520 2592 fol.

217 2637 322 2700 57b
352 2660 431 2717 sq.

1241 2814 1469 2882 XXIV.

336 2927 624 2978 Eicbstadt.
2049 2931 2077 2976 3
2120 2925 2248 2976 Nov.
2300 2928 2450 2976 1490.

219 3036 606 3114 Rex-nardus
643 3038 1068 3114 Adelmann
1118 3039 1210 3114 de
1255 3037 1967 3116 Adelmannsfelden
2014 3067 2113 3113 an
2158 3038 2525 3114 Reuehlin

221 3207 393 3275 daukt
436 3211 542 3278 fiir
589 3210 714 3276 den
762 3210 1138 3278 erhaltenen
1171 3211 1366 3289 brief,
1413 3211 1597 3277 lehnt
1641 3212 1798 3278 aber
1831 3212 1935 3277 die
1984 3212 2330 3288 vomui-fe,
2378 3211 2529 3274 dass

223 3335 279 3378 er
316 3318 515 3382 niehts
562 3316 1081 3404 veriiffentliehe‚
1127 3318 1249 3383 mit
1293 3317 1558 3382 hinweis
1606 3319 1725 3384 auf
1758 3319 1933 3383 seine
1980 3316 2387 3400 unfahigkeit
2424 3317 2529 3382 ab.

222 3419 318 3486 Die
337 3423 1004 3506 Homeriibersetzung
1039 3423 1154 3488 dee
1185 3423 1434 3488 Lorenz
1460 3423 1647 3488 Valla
1672 3423 1915 3488 besitze
1949 3445 2022 3487 er
2052 3423 2247 3501 nieht,
2280 3422 2532 3486 schickt

223 3525 398 3592 daher
460 3529 585 3593 den
645 3525 884 3610 anfang
943 3530 1120 3593 einer
1177 3529 1244 3593 in
1302 3531 1460 3594 Rom
1526 3529 1870 3613 gekauften
1933 3529 2365 3610 ubersetzung
2418 3527 2531 3592 cles

222 3629 502 3700 Nikolaus
551 3635 630 3698 de
682 3633 893 3712 Valle,
952 3633 1144 3698 theilt
1191 3634 1336 3713 mit,
1399 3635 1550 3700 dass
1598 3630 1738 3700 eine
1788 3633 2005 3699 solehe
2064 3654 2182 3696 von
2234 3632 2379 3698 dem
2437 3631 2531 3697 bi-

224 3738 382 3803 schof
419 3739 672 3806 Johann
720 3761 842 3804 von
890 3739 1330 3804 Fiinfkirehen
1377 3739 1701 3804 vollendet
1748 3741 1869 3818 sei,
1922 3741 1939 3777 ¹
1991 3737 2121 3802 und
2182 3738 2375 3801 bit-tet
2422 3757 2529 3801 um

223 3842 647 3928 iibersendung
687 3845 806 3910 der
853 3845 1061 3910 werke
1111 3846 1224 3910 des
1273 3845 1788 3930 ChrysostomuS.
1882 3850 1921 3908 4
1958 3844 2117 3908 Non.
2158 3843 2313 3906 Nov.
2363 3859 2531 3908 anno

229 3952 390 4015 1490.
482 3951 777 4016 Aistadii.

377 4061 694 4120 Gedruckt:
750 4066 778 4118 1
807 4037 910 4113 ’τ-τ-
961 4061 1025 4120 C.
1069 4079 1120 4120 v:
1169 4078 1217 4120 e.
1254 4079 1285 4120 e
1319 4056 1484 4133 4a.b3
1536 4066 1571 4120 2
1610 4082 1693 4112 ==
1724 4061 1779 4119 J.
1816 4079 1867 4120 v.
1905 4078 1953 4119 e.
1989 4078 2019 4118 c
2055 4054 2219 4132 ἔζη-ὓς
2273 4061 2307 4118 3
2349 4081 2433 4112 =
2466 4055 2528 4117 G.

226 4177 268 4220 v.
297 4181 340 4222 e.
371 4167 422 4224 11
451 4167 552 4224 fol.
595 4169 726 4224 15³·
751 4160 802 4225 b.

1339 4285 1374 4322 ³1ss

354 4378 368 4420 1
412 4359 551 4423 Uber
589 4375 733 4424 ‹liese
771 4375 1194 4440 tibet-scizangen
1233 4374 1340 4440 vgl.
1385 4373 1601 4438 Vahlen,
1641 4373 1796 4422 Laut.
1840 4372 2002 4422 vallae
2041 4386 2220 4433 opusc.
2252 4373 2349 4420 tria
2380 4369 2532 4417 Wien

239 4458 348 4509 1869
385 4478 422 4510 e.
462 4466 518 4513 61
567 4464 651 4514 bis
696 4467 811 4514 127.
