2950 5042
1276 407 1357 474 15

171 619 278 682 que
321 619 459 664 cum
506 621 764 684 semper
809 606 1028 680 antea,
1077 605 1211 665 tum
1263 601 1480 678 etiam,
1532 599 1746 684 quoad
1793 600 2032 681 vixero,
2080 599 2477 668 charissime.

171 703 307 769 Vale
359 705 420 768 in
452 705 714 771 Christo
771 705 1064 771 feliciter.
1158 705 1256 770 Ex
1312 705 1692 788 Stutgardia
1746 711 1843 770 ll.
1892 705 1992 770 ΚΙ.
2041 707 2200 790 Aug.
2293 707 2477 773 Anno

173 815 340 874 1488.
441 811 524 874 Μ.
575 811 866 876 Joannes
914 809 1224 875 Reuchlin
1272 810 1659 876 Phorcensis
1705 811 1775 875 L.
1824 811 1892 875 L.
1940 811 2201 876 Doctor.

327 925 352 977 1
393 942 474 972 ε·-
507 921 910 980 Sammelband
941 919 1044 978 der
1075 919 1279 979 Basler
1309 921 1629 980 bibliothek
1663 920 1821 992 (msc.
1858 921 1926 979 Ε.
1972 919 2075 996 111,
2118 921 2245 996 15.)
2279 919 2376 980 fol.
2422 925 2474 980 1.

1241 1095 1377 1162 XV.

285 1183 560 1249 Stuttgart.
2254 1187 2406 1236 1⁴68.

207 1286 312 1361 «Ϊο.
368 1283 741 1363 Reuehlin
797 1288 1238 1364 Phorcensis
1295 1289 1366 1364 S.
1429 1289 1518 1362 l).
1578 1288 1661 1362 P.
1782 1289 2075 1363 Doctori
2130 1290 2423 1364 «Iacobo

327 1412 630 1486 Louber
667 1412 1026 1512 Supremo
1065 1411 1533 1486 Charthusiae
1574 1413 2000 1486 Basiliensis
2039 1414 2265 1488 Patri.

309 1559 507 1624 Recte
558 1557 812 1624 felicem
850 1558 1139 1643 judicavi
1184 1559 1473 1643 proxime
1525 1565 1827 1644 quartum
1874 1558 2203 1626 Kalendas
2250 1559 2479 1626 Junias

167 1669 309 1728 tuam
356 1665 825 1750 dignationem,
858 1687 999 1729 cum
1048 1663 1314 1729 aderam
1361 1665 1428 1729 in
1474 1665 1635 1729 aede
1685 1672 1817 1745 tua,
1869 1666 2041 1750 quod
2088 1673 2152 1731 te
2198 1667 2481 1751 accepis-

177 1789 270 1832 sem
312 1769 490 1834 velut
522 1769 806 1834 alterum
838 1769 1144 1834 Jarcham
1193 1772 1364 1836 inter
1397 1771 1646 1836 divinos
1679 1771 2118 1837 Brachmanos
2150 1771 2215 1836 in
2248 1778 2479 1838 senatu

171 1874 282 1938 istic
323 1897 468 1940 cum
518 1875 852 1960 praefectis
900 1875 1109 1940 ordini
1169 1875 1531 1962 festivoque
1588 1875 1814 1941 sedere
1863 1882 2196 1942 conventu.
2290 1877 2477 1944 Unde

167 1980 307 2061 quod
350 1988 574 2046 tecum
626 2003 744 2065 pro
803 1987 1027 2046 nostra
1073 1981 1249 2046 haud
1298 1980 1563 2066 ignobili
1612 1981 2074 2047 consuetudine
2122 2004 2342 2048 coram
2388 1981 2480 2049 lo-

161 2093 318 2150 eutus
374 2087 653 2153 fuissem
709 2087 777 2152 id
833 2087 1046 2152 facere
1105 2087 1243 2152 sola
1301 2109 1444 2152 mea
1492 2069 1858 2152 reuerentia
1906 2111 2045 2153 sum
2092 2087 2491 2173 prohibitus..

161 2189 412 2257 Tametsi
477 2191 776 2257 nonnihil
832 2214 1031 2276 penes
1095 2199 1159 2257 te
1219 2192 1374 2257 mihi
1430 2200 1567 2257 tum
1616 2193 1738 2257 fuit
1786 2194 2032 2276 negocii
2082 2193 2251 2291 quod
2302 2199 2477 2260 certe

161 2294 400 2362 daturus
463 2319 616 2362 sum
681 2319 943 2381 operam
1008 2320 1175 2363 nunc
1222 2305 1400 2362 tuam
1449 2297 1884 2382 dignationem
1934 2321 2052 2382 per
2098 2299 2352 2365 litteras
2396 2321 2477 2366 ne

162 2400 352 2465 celem.
443 2402 641 2467 Facit
687 2403 958 2482 Jacobe,
1008 2405 1103 2467 vir
1135 2403 1414 2468 omnium
1439 2405 1637 2488 justis
1685 2405 1762 2469 de
1799 2405 2008 2470 causis
2048 2405 2480 2489 integerrime,

161 2506 240 2568 vel
297 2508 704 2573 incredibilis
751 2529 896 2573 mea
944 2530 1098 2592 erga
1152 2513 1218 2574 te
1266 2511 1595 2575 veneratio
1644 2509 1743 2574 vel
1793 2509 2111 2575 excellens
2163 2516 2278 2575 tua
2332 2532 2480 2576 cum

161 2615 484 2680 sanctitate
546 2616 890 2699 conjuncta
954 2615 1323 2680 humanitas
1385 2615 1485 2679 vel
1548 2615 1887 2700 utriusque
1954 2622 2245 2680 nostrum
2305 2615 2477 2680 inter

161 2737 257 2782 nos
311 2727 546 2785 mutua
612 2720 1072 2800 benivolentia,
1132 2731 1206 2786 ut
1267 2721 1579 2786 audacter
1637 2743 1715 2784 ea
1768 2720 1886 2788 abs
1946 2726 2011 2785 te
2070 2727 2293 2804 petere
2350 2741 2479 2786 non

161 2822 494 2905 formidem,
551 2847 720 2909 quae
770 2832 836 2891 et
882 2825 1002 2890 tibi
1046 2848 1172 2890 non
1223 2826 1436 2891 obsint
1483 2832 1548 2891 et
1578 2825 1734 2890 mihi
1767 2825 2076 2909 prodesse
2108 2827 2367 2892 valeant
2413 2833 2481 2892 et

165 2928 230 2990 ab
287 2931 608 2996 universis
667 2937 804 2994 tum
866 2930 1040 3014 apud
1105 2931 1306 2995 Deum
1369 2937 1507 2996 tum
1567 2931 1741 3015 apud
1786 2927 2075 2996 homines
2122 2932 2481 2998 laudabilia

169 3033 475 3102 ducantur.
574 3036 649 3100 Id
697 3057 812 3119 ego
861 3037 915 3100 si
964 3036 1179 3115 doce0,
1228 3035 1283 3102 si
1331 3037 1590 3120 planum
1642 3037 1807 3103 facio
1856 3037 1918 3101 in
1968 3037 2090 3101 hac
2138 3037 2479 3121 quantula-

167 3160 406 3226 cumque
441 3164 648 3208 causa
679 3163 824 3207 mea
856 3143 1141 3207 futurum
1179 3143 1476 3226 equidem
1510 3142 1681 3207 haud
1714 3143 1797 3208 ab
1840 3165 1911 3209 re
1946 3165 2311 3226 speraverO,
2360 3143 2479 3209 has

165 3266 313 3312 meas
359 3250 482 3315 abs
519 3255 586 3312 te
619 3247 872 3312 litteras
920 3269 1046 3312 non
1093 3253 1344 3312 tantum
1393 3248 1624 3326 audiri,
1672 3269 1895 3314 verum
1943 3250 2137 3314 etiam
2186 3250 2480 3316 exaudiri

166 3351 384 3418 decere.
487 3353 584 3418 Tu
653 3353 773 3418 tibi
829 3354 1224 3437 persuadeas
1281 3353 1468 3418 velim
1527 3353 1594 3417 id
1657 3354 1829 3438 quod
1888 3353 1973 3418 ad
2032 3377 2168 3418 rem
2224 3357 2479 3435 attinet,

165 3477 285 3522 cum
316 3481 542 3525 omnes
576 3459 829 3523 vivendi
875 3459 1098 3524 modos
1147 3459 1375 3542 cogit0,
1423 3460 1515 3524 nil
1555 3481 1657 3524 me
1698 3459 2157 3544 praestabilius
2192 3460 2280 3524 nil
2312 3459 2480 3525 fruc-

165 3567 384 3631 tuosius
445 3565 537 3628 nil
601 3564 824 3629 utilius
881 3565 983 3629 vel
1043 3565 1128 3629 ad
1190 3565 1360 3632 vitae
1419 3564 1886 3630 beatitudinem
1943 3565 2321 3648 pariendam
2380 3563 2479 3630 vel

165 3669 232 3732 ad
262 3693 397 3736 eam
435 3671 944 3736 conservandam
978 3670 1304 3748 arbitrari,
1353 3693 1548 3754 quam
1597 3679 1666 3736 ut
1715 3671 1823 3754 qui
1858 3670 2031 3734 docti
2075 3671 2480 3736 nominamur

165 3771 592 3860 frequentibus
639 3798 754 3842 nos
800 3775 1163 3841 litterarum
1200 3775 1431 3841 studiis
1480 3782 1547 3841 et
1591 3776 1903 3840 librorum
1951 3775 2478 3857 revolutionibUS,

166 3883 355 3960 quoad
417 3882 564 3948 fieri
627 3882 858 3966 possit,
925 3903 1117 3966 quam
1175 3881 1566 3946 ereberrime
1634 3880 2103 3945 inhaereamus.
2199 3881 2479 3947 Maxime

167 4003 292 4052 vero
339 3990 513 4054 circa
563 4009 644 4052 ea
685 3987 1110 4054 insistendum
1140 3993 1299 4071 puto
1348 4008 1492 4071 quae
1525 3985 1893 4070 religiosam
1927 3986 2313 4069 sapientiam
2343 4007 2481 4072 prae

167 4107 221 4151 se
263 4091 476 4158 ferunt
523 4099 909 4178 nostrosque
957 4093 1276 4176 cogitatus
1325 4093 1409 4156 ad
1442 4091 1770 4171 caelestia,
1819 4100 1893 4156 ut
1923 4092 2165 4157 ferrum
2196 4114 2479 4177 magneS,

169 4197 482 4264 attrahunt
530 4198 791 4264 Christo
838 4200 1252 4284 praecipiente
1302 4199 1411 4282 qui
1459 4199 1553 4262 ait
1616 4197 1996 4262 scrutamini
2048 4200 2070 4238 ¹
2120 4199 2479 4283 scripturas

169 4305 443 4379 quoniam
490 4326 604 4370 vos
651 4306 716 4368 in
761 4305 918 4389 ipsis
965 4304 1268 4370 videmini
1318 4305 1515 4368 vitam
1564 4309 1871 4368 aeternam
1920 4303 2179 4370 habere.

1303 4434 1338 4472 ιιι

301 4524 322 4568 1
360 4517 479 4574 Joh.
521 4525 574 4586 5,
615 4525 700 4572 39.
