2950 5042
1319 397 1440 463 197

249 586 497 651 animum
563 606 715 671 erga
777 607 879 652 me
945 584 1126 653 ducis
1193 586 1333 652 κατ’
1381 580 1597 679 ἐξοχὴν
1668 587 1970 656 ostendit.
2064 589 2266 670 Quem
2313 592 2368 658 si
2414 616 2541 661 non

247 690 575 775 diligerem,
633 692 828 759 immo
883 690 939 759 si
1001 713 1128 758 non
1173 693 1450 759 maxime
1499 714 1786 761 amarem
1833 700 1900 761 et
1944 716 2072 761 non
2135 697 2399 763 maximi
2446 699 2541 765 fa-

245 818 454 878 cerem,
513 795 986 881 ingratissimus
1043 804 1112 865 et
1171 798 1268 864 tui
1325 798 1642 866 absimilis
1702 820 1843 867 esse
1895 800 2043 885 jure
2090 802 2331 886 optimo
2368 803 2541 888 judi-

241 924 417 968 carer.
505 904 637 987 Ego
685 925 836 970 vero
883 925 1010 969 non
1056 909 1313 970 tantum
1363 925 1529 987 amo,
1575 927 1798 972 verum
1846 906 2047 971 etiam
2092 906 2366 974 observo
2399 913 2539 975 tan-

238 1015 356 1073 tum
413 1008 784 1093 principem,
849 1030 976 1094 quo
1036 1010 1254 1076 nullus
1310 1010 1376 1074 in
1434 1011 1708 1096 imperio
1770 1012 2059 1078 Romano
2104 1012 2538 1097 praestantior,

236 1114 424 1180 nullus
479 1113 757 1197 firmior,
811 1114 1029 1181 nullus
1089 1114 1592 1196 formidabilior,
1640 1117 1824 1201 cujus
1874 1138 2015 1203 ope,
2070 1118 2253 1203 cujus
2303 1119 2538 1185 auxilio

233 1219 645 1303 injustissimis
693 1220 1268 1288 calumniatoribus
1315 1220 1508 1287 facile
1538 1221 1859 1303 resistam,
1906 1222 2257 1289 accedente
2288 1224 2538 1309 pariter

233 1325 525 1410 adjutorio
571 1326 702 1393 mei
749 1324 930 1393 ducis
965 1328 986 1366 ¹
1037 1325 1148 1413 qui
1194 1348 1296 1393 me
1340 1349 1468 1395 non
1516 1326 1795 1409 deseret,
1842 1327 1957 1393 sed
1999 1329 2266 1395 nuncin
2298 1330 2534 1397 castris

235 1435 317 1496 est
359 1431 774 1498 Caesareanis.

383 1538 529 1603 Fuit
575 1539 772 1622 igitur
818 1536 1004 1604 officii
1050 1522 1177 1602 mei
1241 1544 1496 1623 gratum
1556 1559 1659 1605 me
1704 1536 2033 1604 Friderico
2080 1545 2303 1605 nostro
2354 1539 2526 1608 exhi·

233 1640 396 1723 bere,
458 1644 644 1729 cujus
711 1642 1180 1729 pollicitatione
1247 1643 1422 1711 haud
1494 1642 1910 1710 mediocriter
1956 1641 2323 1711 delectatus
2372 1667 2533 1711 sum.

232 1746 374 1811 Nam
420 1748 716 1814 Mutiano
751 1748 778 1787 ²
822 1747 917 1813 illi
961 1748 1299 1833 utriusque
1346 1754 1638 1815 nostrum
1684 1750 2126 1815 amantissimo
2171 1748 2308 1815 haec
2339 1752 2541 1817 verba

239 1852 404 1918 dixit:
460 1854 586 1935 „So
619 1853 866 1920 hallten
900 1854 1014 1919 wir
1045 1853 1210 1920 auch
1241 1854 1557 1920 Reuchlin
1588 1854 1693 1921 fiir
1724 1854 1912 1920 ainen
1944 1852 2540 1922 fiirtreffennlichen

229 1979 434 2041 mann,
499 1960 676 2026 unnd
743 1959 973 2026 wellen
1021 1960 1132 2025 Ine
1197 1960 1294 2025 nit
1357 1960 1555 2025 lassen
1616 1958 2020 2025 hinziehen“.
2114 1959 2243 2027 Sed
2288 1961 2354 2026 in
2400 1966 2537 2027 tam

229 2062 382 2130 brevi
427 2070 723 2151 tempore
769 2066 941 2131 inter
985 2070 1084 2132 tot
1131 2064 1462 2131 molestias
1510 2086 1831 2151 curasque
1879 2064 2035 2153 quid
2065 2072 2323 2152 p'ossem
2366 2065 2541 2151 digni

227 2173 488 2238 muneris
535 2171 952 2238 retribuere?
1013 2192 1157 2237 cum
1213 2172 1350 2256 jam
1421 2176 1573 2257 toga
1633 2171 1826 2237 cedat
1870 2173 2106 2253 armiS,
2168 2193 2296 2237 non
2354 2193 2539 2238 arma

227 2282 392 2361 togae,
440 2279 567 2345 nisi
615 2279 862 2364 aliquid
909 2284 1477 2363 quantumcunque
1541 2277 1860 2343 minutum
1908 2277 2238 2344 chartario
2286 2277 2537 2344 calamo
2578 2264 2585 2279 ¹

225 2382 539 2465 excudam,
590 2406 718 2470 quo
765 2388 993 2468 pateat
1037 2405 1140 2449 me
1173 2382 1503 2449 beneficiis
1546 2384 1897 2464 incensum,
1942 2382 2258 2450 Friderici
2290 2404 2541 2451 summa

223 2489 440 2557 virtute
487 2490 801 2577 principis
847 2489 1116 2575 gloriam
1164 2489 1416 2570 ardere,
1464 2510 1542 2554 ac
1588 2510 1821 2556 nomen
1869 2488 2110 2568 colere,
2174 2488 2539 2554 colendum-

218 2616 326 2679 que
385 2597 684 2663 omnibus
743 2594 1078 2677 exhibere,
1125 2601 1397 2681 propter
1445 2615 1635 2679 quem
1684 2600 1751 2659 et
1795 2594 2165 2679 prosapiam
2215 2594 2541 2660 Saxonum

215 2701 611 2789 patriamque
661 2701 1015 2789 Mysiorum
1063 2707 1129 2767 et
1175 2702 1641 2787 Tyregetarum
1688 2698 1962 2785 populos
2010 2697 2371 2765 callaudem
2407 2698 2449 2762 ³.

374 2808 566 2875 Hunc
623 2808 821 2893 igitur
877 2806 1168 2873 libellum
1226 2812 1556 2892 utcunque
1617 2804 1803 2891 potui
1851 2803 2098 2888 exiguis
2144 2802 2543 2869 lucubratio-

216 2914 387 2981 nibus
447 2914 662 2995 edidi,
733 2936 923 2999 quem
991 2912 1078 2979 ad
1124 2918 1188 2980 te
1236 2914 1461 2992 mitto,
1532 2918 1608 2977 ut
1677 2915 1744 2976 et
1803 2910 1981 2994 legas
2042 2917 2109 2976 et
2172 2908 2327 2995 quid
2385 2910 2543 2974 insit

215 3021 477 3107 principi
527 3020 852 3087 ostendas.
946 3019 1135 3085 Mitto
1187 3018 1386 3085 etiam
1437 3017 1715 3084 Caesaris
1748 3014 2129 3082 Mandatum
2174 3014 2241 3080 in
2289 3036 2415 3101 quo
2464 3036 2543 3080 ex

219 3128 376 3192 omni
417 3131 612 3212 parte
661 3127 833 3192 inter
878 3147 994 3191 nos
1041 3146 1270 3210 pacem
1319 3125 1603 3209 imperat
1650 3129 1717 3189 et
1763 3121 2107 3189 silentium.
2198 3122 2287 3187 At
2346 3143 2544 3206 quum

216 3232 323 3297 soli
376 3232 686 3300 ductores
759 3231 913 3297 belli
983 3231 1308 3315 expressis
1377 3232 1464 3295 in'
1518 3228 1745 3296 eodem
1813 3228 2030 3295 verbis
2093 3228 2542 3293 nominantur:

216 3338 624 3419 Pfefferkorn,
675 3337 998 3405 Arnoldus
1047 3344 1114 3403 et
1160 3336 1495 3416 Reuchlin,
1543 3357 1656 3402 oro
1703 3341 1779 3401 ut
1824 3334 2164 3419 diligenter
2210 3333 2387 3418 apud
2432 3333 2549 3399 du-

217 3464 344 3509 cem
387 3446 594 3511 instes
619 3494 634 3525 ,
705 3465 824 3509 sua
893 3442 1533 3527 magnificentissima
1599 3440 1952 3507 dominatio
2014 3439 2315 3522 dignetur
2372 3436 2545 3521 apud

216 3550 674 3635 Imperatorem
705 3572 900 3635 super
933 3571 1009 3616 eo
1033 3548 1342 3615 mandato
1363 3546 1869 3639 declarationem
1895 3544 2273 3627 impetrare,
2298 3542 2551 3608 scilicet

216 3656 363 3739 quid
405 3656 678 3722 intentio
726 3655 1090 3741 Majestatis
1137 3675 1292 3720 suae
1339 3654 1537 3719 fuerit
1582 3652 1780 3717 etiam
1828 3649 1907 3715 de
1950 3646 2434 3714 adhaerentibus
2483 3652 2551 3712 et

217 3762 605 3847 quibuslibet
658 3782 775 3828 sua
829 3760 934 3827 vel
989 3761 1257 3827 alterius
1311 3761 1629 3826 interesse
1689 3755 2103 3841 putantibUS‚
2166 3774 2368 3839 quare
2426 3754 2549 3838 hoc

219 3868 588 3934 mandatum
635 3888 761 3933 non
807 3867 1012 3934 solum
1071 3866 1156 3933 ad
1202 3866 1593 3948 nominatos»,
1660 3860 1777 3929 sed
1838 3861 2035 3927 etiam
2082 3858 2167 3925 ad
2214 3858 2550 3925 universos

223 3978 284 4038 et
327 3973 612 4058 singulos
657 3973 1067 4040 adhaerentes
1121 3973 1412 4038 fautores
1459 3976 1528 4037 et
1556 3977 1688 4036 'sua
1748 3967 1847 4033 vel
1906 3964 2175 4033 alterius
2238 3964 2551 4049 cujusque

221 4077 528 4147 interesse
599 4085 908 4165 putantes
961 4078 1449 4179 ’extendendum
1520 4081 1589 4143 et
1655 4079 1988 4141 extentum
2050 4092 2192 4139 esse
2254 4069 2553 4135 Caesarea

1371 4242 1406 4281 διε

364 4354 387 4399 1
429 4350 613 4419 Ducis]
639 4350 832 4417 herzog
850 4349 1031 4401 Ulrieh
1059 4366 1164 4401 von
1185 4348 1571 4414 Wiirtemberg.
1708 4350 1736 4395 2
1778 4341 2034 4409 Mutiano]
2062 4340 2169 4407 vgl.
2194 4340 2328 4391 oben
2351 4338 2551 4389 Reuch-

227 4436 298 4485 lin
333 4454 397 4487 an
435 4440 633 4491 Mutian
672 4444 736 4489 22
765 4441 901 4506 Aug.
935 4440 1086 4489 1513.
1233 4441 1262 4487 3
1305 4436 1425 4513 Vgl.
1455 4434 1739 4498 Reuchlins
1768 4430 1987 4492 voi-rede
2023 4445 2139 4490 zum
2176 4428 2553 4485 Constantinus

233 4540 462 4598 maguus.
534 4528 685 4584 Oben
724 4544 838 4583 nto.
877 4526 1082 4585 CLXV.
