2950 5042
1567 377 1654 447 84

446 574 514 639 et
556 575 632 639 tu
673 567 837 637 bene
870 573 1131 635 tornato
1162 588 1241 635 ac
1272 566 1433 635 mire
1465 569 1644 653 gravi
1675 573 2028 655 sanctoque
2071 571 2370 653 poemate
2409 566 2764 635 illustrasti.

446 674 807 742 Videbatur
865 674 1023 740 mihi
1078 681 1269 759 pater
1312 673 1427 741 ille
1470 674 1864 759 postliminio
1911 673 2354 757 renunciasse,
2410 659 2508 741 ita
2552 695 2767 741 conse-

444 782 605 861 nuit,
651 782 747 847 ita
790 801 1110 865 nusquam
1157 779 1237 846 de
1281 802 1356 846 eo
1388 780 1629 845 mentio
1661 779 2046 862 habebatur,
2095 780 2290 847 credo
2321 778 2524 847 facies
2555 778 2769 864 operis

444 908 487 953 a
545 885 1041 953 transcribendo
1096 885 1400 952 librarios
1447 885 1783 951 deterruit.
1878 885 2007 953 Sed
2051 906 2221 951 nunc
2263 891 2522 952 tuorum
2567 883 2774 950 muni-

446 993 659 1079 cipum
703 991 1027 1058 industria
1056 991 1466 1057 reviviscenti
1511 990 1925 1075 gratulantur
1973 1012 2212 1073 omnes,
2257 991 2514 1058 invitati
2547 991 2773 1075 opinor

450 1097 819 1164 testimonio
869 1096 968 1163 vel
1014 1098 1233 1181 potius
1270 1095 1516 1181 judicio
1563 1102 1698 1163 tuo.
1792 1096 1946 1174 Quis
1995 1097 2162 1163 enim
2196 1096 2432 1163 Joanni
2459 1094 2776 1161 Reuchlin

442 1203 770 1287 praeconia
815 1202 1080 1267 laudum
1126 1200 1488 1268 celebranti
1533 1223 1660 1267 non
1707 1201 2201 1286 acquiesceret?
2293 1200 2459 1267 Nam
2506 1222 2776 1286 persua-

444 1308 670 1375 demus
714 1306 901 1372 nobis
946 1308 1325 1390 apposuisse
1370 1313 1439 1373 te
1483 1308 1665 1392 prius
1711 1328 1908 1393 quam
1953 1308 2438 1392 imprimeretur
2467 1307 2775 1373 miniatas

449 1413 705 1479 cerulas
752 1417 819 1477 et
865 1411 1185 1477 calculum
1230 1433 1349 1478 seu
1392 1418 1581 1478 notas
1627 1411 2016 1479 doctissimae
2060 1434 2290 1479 manus
2319 1418 2468 1479 tuae.
2562 1412 2775 1496 Saepe

446 1517 745 1585 volebam
814 1518 1137 1602 auspicari
1202 1523 1417 1584 tecum
1472 1517 1834 1583 amiciciam
1858 1568 1874 1600 ‚
1934 1518 2124 1583 testis
2187 1538 2528 1601 germanus
2592 1539 2776 1584 meus

444 1623 753 1715 principis
798 1623 1051 1689 Hassiae
1098 1622 1524 1699 cancellarius
1561 1625 1612 1704 ¹,
1657 1624 1846 1690 testis
1895 1623 2299 1703 TrittemiuS‚
2346 1622 2540 1688 testis
2583 1622 2780 1689 Nico-

446 1728 581 1795 leos
625 1729 1105 1813 Hirsaugiensis
1167 1728 1520 1795 monachus
1564 1730 1607 1793 ².
1700 1729 1968 1814 Semper
2030 1729 2188 1794 mihi
2233 1727 2438 1795 defuit
2497 1728 2778 1808 occasio,

447 1833 809 1900 doctrinam
866 1835 1033 1901 enim
1096 1840 1277 1901 tuam
1324 1834 1714 1918 singularem
1761 1840 1830 1900 et
1871 1856 2250 1918 generosam
2296 1832 2673 1901 facundiam
2705 1839 2776 1899 et

444 1938 845 2022 infatigabile
890 1940 1176 2008 studium
1222 1939 1598 2024 amplector,
1644 1939 1949 2020 admiror,
1993 1938 2298 2024 praedico.
2391 1939 2588 2004 Brevi
2634 1938 2778 2003 fore

448 2064 670 2129 spero,
716 2049 791 2109 ut
837 2045 1012 2128 quod
1058 2045 1247 2111 Picus
1278 2044 1303 2084 ³
1348 2044 1810 2128 pollicebatur,
1869 2051 1940 2110 tu
1999 2044 2388 2111 examussim
2449 2041 2780 2129 perficias,

449 2153 703 2214 tantum
766 2148 853 2214 ab
898 2148 1303 2215 humanitate
1359 2155 1482 2215 tua
1539 2155 1727 2234 peto,
1793 2155 1867 2217 ut
1914 2150 2276 2217 Mutianum
2336 2150 2433 2217 tui
2500 2149 2782 2216 nominis

448 2259 655 2342 atque
692 2252 955 2319 honoris
1004 2254 1365 2320 studiosum
1411 2255 1480 2319 in
1526 2255 1747 2321 album
1793 2255 2148 2321 amicorum
2195 2255 2492 2339 recipias.
2583 2256 2673 2321 Et
2719 2255 2775 2321 si

452 2363 647 2423 vacat
690 2358 905 2424 indica
946 2359 1105 2424 mihi
1136 2359 1396 2425 nomina
1438 2360 1752 2426 librorum
1795 2382 1957 2445 quos
1988 2360 2302 2427 hactenus
2333 2359 2782 2445 invulgaveris.

450 2463 899 2550 Bene-valeas,
948 2464 1143 2530 decus
1192 2465 1398 2531 omnis
1446 2465 1809 2531 literaturae
1838 2487 1917 2532 ac
1949 2466 2326 2551 sapientiae.
2416 2467 2516 2532 Ex
2564 2464 2782 2533 Gotha

448 2566 921 2653 Thuringorum
967 2570 1056 2636 ad
1102 2570 1237 2636 Cal.
1290 2569 1608 2637 Octobres
1659 2576 1849 2638 1503.

526 2764 533 2773 .
628 2691 954 2755 Gedruckt:
1007 2700 1039 2757 1
1078 2718 1164 2749 =
1200 2694 1266 2755 C.
1299 2711 1353 2756 v.
1388 2709 1440 2755 e.
1485 2696 1524 2756 h
1558 2690 1662 2770 4¹²3
1715 2699 1751 2755 2
1784 2716 1869 2753 =
1898 2696 1955 2758 J.
1989 2714 2044 2757 v.
2077 2715 2127 2759 e.
2161 2697 2183 2756 l
2213 2698 2303 2773 iii;
2355 2700 2393 2758 3
2428 2718 2514 2753 =
2545 2697 2610 2761 G.
2642 2716 2697 2759 v.
2729 2716 2784 2761 e.

448 2798 510 2861 11
538 2798 638 2861 fol.
678 2795 797 2861 65b
828 2817 912 2877 sq.
2121 2810 2130 2814 “

1608 2990 1645 3033 ²1⁸

446 3116 489 3168 Β
515 3116 549 3167 ὲ
575 3120 605 3169 6
633 3118 675 3171 C
702 3114 735 3168 a
760 3119 792 3167 3
828 3116 923 3169 bll.
956 3118 1009 3167 in
1036 3118 1128 3170 fol.
1205 3120 1303 3171 Am
1343 3120 1499 3174 ende:
1536 3120 1875 3185 Phorcheim.
1915 3124 1968 3174 in
2009 3123 2213 3176 aedibus
2249 3122 2451 3176 Thomu
2488 3122 2782 3176 Anshelmi.

443 3200 634 3256 Martio
680 3220 860 3255 mense
906 3206 1143 3257 M.D.111.
1198 3207 1305 3258 Sub
1352 3208 1554 3259 illustri
1596 3212 1833 3277 principe
1887 3212 2210 3264 Christofero
2264 3210 2445 3263 Badefl
2497 3213 2640 3278 (roth
2696 3228 2782 3279 ge·

442 3290 671 3358 druckt).
742 3294 824 3344 Aa
862 3297 922 3342 2⁸
958 3295 1098 3343 steht
1136 3295 1220 3344 ein
1271 3296 1488 3361 gedicht
1529 3300 1840 3351 Reuohlins:
1886 3300 1970 3352 Ad
2005 3301 2262 3353 'rhomam
2299 3300 2648 3353 Anshelmum
2690 3301 2786 3352 im·

442 3396 735 3447 pressorem
771 3381 825 3431 in
865 3381 1077 3433 laudem
1114 3382 1316 3434 Rabani
1357 3384 1419 3434 de
1459 3393 1642 3437 sancta
1678 3402 1833 3439 cruce
1871 3405 2106 3455 epaenos,
2156 3389 2252 3442 das
2287 3406 2346 3441 so
2387 3390 2632 3456 beginnt=
2687 3390 2786 3440 Te·

444 3474 657 3531 metet,
707 3484 737 3519 ο
774 3468 1002 3536 Thoma,
1049 3479 1231 3538 reputo
1280 3473 1620 3540 Phorcenque
1667 3474 1900 3541 beatam,
1942 3478 2135 3545 {Quod
2179 3494 2273 3546 per
2329 3494 2424 3530 vos
2464 3477 2675 3529 Rabani
2724 3478 2788 3529 de

443 3571 597 3607 cruce
648 3558 817 3623 fulget
864 3560 1061 3625 opus.l
1116 3560 1327 3611 Semina
1376 3563 1645 3613 scribendi
1705 3566 1923 3616 redeunt
1975 3566 2217 3633 dispersa
2261 3583 2355 3634 per
2407 3566 2590 3617 orbem
2629 3566 2640 3632 Ι
2684 3564 2788 3617 Ars

442 3660 597 3710 quam
634 3648 867 3696 venturis
906 3647 1187 3699 occuluere
1225 3657 1403 3715 patres
1436 3650 1445 3716 Ι
1479 3651 1589 3701 und
1626 3652 1804 3703 endet:
1857 3654 2028 3716 Quare
2079 3656 2221 3723 agite
2259 3654 2413 3706 ambo
2455 3653 2558 3706 duo
2601 3654 2788 3705 titulos

442 3724 692 3784 crescatis
731 3736 786 3783 in
826 3734 959 3785 altos
992 3736 1002 3801 Ι
1038 3736 1154 3787 Hoc
1203 3736 1318 3787 solo
1358 3739 1560 3789 Rabani
1609 3740 1962 3807 splendidiore
2013 3742 2179 3808 libi-03
2221 3744 2232 3811 Ι
2267 3743 2542 3795 Anshelmi
2582 3743 2790 3795 Thoma

446 3820 533 3886 qui
573 3820 780 3873 chartas
818 3823 1074 3889 imprimis
1113 3830 1239 3889 arte,
1273 3826 1282 3892 Ι
1316 3826 1501 3892 Tuque
1539 3828 1698 3879 simul
1733 3829 1963 3895 Phorco,
2002 3832 2118 3883 fons
2157 3838 2210 3883 et
2245 3833 2392 3899 origo
2429 3832 2557 3897 mei;
2589 3834 2602 3900 Ι
2633 3831 2792 3895 Urbs,

446 3909 613 3959 honor
650 3910 930 3978 artificum,
980 3912 1294 3965 fabricatrix
1331 3913 1664 3981 ingeniorum
1695 3918 1707 3987 Ι
1739 3918 1785 3969 Ο
1835 3918 2025 3985 decus,
2077 3936 2108 3971 o
2146 3920 2351 3972 Rabani
2388 3921 2511 3972 vive
2549 3919 2790 3972 secunda

444 4012 652 4064 parens.

592 4105 616 4152 1
656 4102 958 4170 germanus]
995 4104 1106 4170 vgl.
1161 4102 1351 4158 Strauss
1390 4123 1431 4159 s.
1474 4114 1540 4159 42
1592 4111 1698 4161 und
1745 4086 2126 4179 Kampschul-te
2164 4111 2204 4176 1,
2243 4128 2285 4164 s.
2328 4112 2410 4164 75.
2559 4116 2592 4163 2
2633 4112 2790 4165 Nico-

444 4185 584 4255 laus]
625 4189 888 4242 Baeellius
928 4191 1035 4258 vgl.
1081 4192 1217 4243 oben
1262 4199 1323 4245 14
1350 4196 1494 4263 Sept.
1540 4199 1671 4249 1501
1711 4215 1824 4251 nro.
1863 4199 2080 4253 LXXX.
2154 4200 2262 4251 Fiir
2297 4200 2381 4251 die
2425 4200 2791 4255 freundschaft

444 4275 677 4327 Mutians
715 4279 811 4329 mit
848 4280 1119 4331 Basellius
1156 4281 1301 4332 kann
1344 4284 1434 4334 ich
1483 4294 1632 4337 sonst
1679 4287 1804 4339 kein
1845 4289 2091 4355 aeugniss
2129 4287 2403 4339 anfiihren.
2555 4292 2586 4339 3
2629 4290 2792 4341 Piliu-

446 4378 551 4413 von
586 4365 909 4431 Mirandula‚
962 4367 1055 4419 der
1100 4370 1156 4419 in
1206 4370 1297 4422 der
1335 4372 1669 4427 kabbalistik
1714 4378 1799 4427 fiir
1835 4376 2128 4431 Reuchlins
2175 4380 2475 4446 verganger
2511 4378 2615 4431 mit
2649 4378 2793 4431 recht

447 4452 749 4529 angesehen
786 4453 978 4507 wurde.
