2950 5042
1342 379 1472 448 347

248 593 385 659 quae
432 573 633 640 habet
678 572 989 660 relinquit
1033 571 1311 640 divinam
1359 571 1702 658 poeticam,
1746 572 1802 640 in
1843 570 2024 640 haud
2071 579 2172 642 est
2201 595 2278 642 ea
2309 572 2566 660 dignun

248 679 356 764 qui
401 701 557 746 vero
602 701 729 747 non
774 686 878 748 est
918 701 1003 747 ea
1046 679 1307 764 dignus,
1368 679 1430 746 ei
1472 679 1670 746 nolim
1715 678 2010 746 misteria
2059 680 2306 766 Virgilii
2351 681 2568 750 ortho-

246 785 703 871 graphiamque
769 786 1265 852 communicare.
1356 785 1450 851 Tu
1512 807 1691 864 vero,
1753 807 1896 852 cum
1965 791 2032 852 et
2093 787 2230 853 sine
2293 789 2568 872 pecunia

246 891 471 975 diguus
526 893 615 958 sis
666 893 951 960 Maronis
998 892 1380 977 discipulae,
1446 913 1564 976 ego
1623 912 1664 957 a
1710 898 1776 958 te
1823 913 1948 958 non
1995 891 2174 960 aliud
2233 893 2566 978 praemium

245 1003 455 1080 petam
513 999 637 1064 nisi
698 998 869 1083 quod
919 1019 1042 1062 non
1090 1001 1403 1063 minorem
1448 1017 1740 1082 apponas
1785 1019 2052 1082 operam
2095 998 2360 1066 lectioni
2403 1019 2566 1068 meae

244 1103 319 1183 (si
379 1103 571 1168 modo
628 1103 837 1169 faciat
894 1103 1245 1169 multitudo
1306 1101 1677 1169 auditorum
1739 1125 1840 1169 me
1887 1104 2398 1188 continuantem)
2443 1106 2567 1172 vir-

241 1209 487 1292 gilianae
551 1229 743 1294 quam
812 1209 979 1274 solet
1040 1209 1149 1294 qui
1210 1231 1331 1294 pro
1390 1208 1602 1274 salute
1672 1229 1791 1275 sua
1853 1209 2114 1276 militat.
2207 1210 2434 1278 Adhuc
2495 1218 2566 1281 et

240 1315 393 1382 illud
457 1315 579 1381 abs
642 1323 707 1380 te
764 1315 983 1394 velim,
1047 1322 1121 1381 ut
1166 1314 1640 1398 condiscipulos
1697 1322 1844 1382 tuos
1907 1316 1972 1380 iu
2035 1315 2254 1382 studia
2307 1317 2564 1401 poetica

240 1421 560 1488 cohortari
608 1427 675 1487 et
718 1441 973 1487 armare
1018 1441 1145 1486 non
1194 1441 1437 1500 cesses,
1502 1443 1646 1488 cum
1709 1428 1782 1485 tu
1829 1421 1996 1488 scias
2043 1422 2219 1488 nulla
2263 1443 2384 1488 nos
2429 1422 2564 1490 alia

240 1549 305 1592 re
351 1549 543 1613 posse
586 1526 729 1593 fieri
772 1528 1029 1593 nomine
1088 1526 1506 1593 immortales.
1597 1527 1726 1592 Fac
1773 1528 1862 1593 sis
1926 1534 2217 1594 attentus
2287 1534 2380 1594 et'
2413 1535 2562 1596 tuos

238 1633 488 1700 sodales
536 1633 602 1698 in
649 1633 974 1699 latinitate
1022 1631 1349 1698 confirma.
1426 1631 1865 1698 Baccalaureo
1911 1632 2181 1700 Gerster
2207 1634 2227 1674 ¹
2275 1633 2561 1701 scribere

238 1739 649 1806 constituisse
706 1739 750 1819 ²,
796 1738 912 1804 sed
976 1740 1133 1824 quia
1193 1739 1355 1804 hora
1412 1737 1870 1822 resumptionis
1929 1737 2306 1804 salustianae
2365 1740 2562 1820 venit,

240 1866 347 1929 ego
390 1844 667 1928 posthac
711 1844 949 1929 saepius
993 1845 1079 1910 ad
1126 1865 1271 1911 eum
1318 1843 1491 1911 dabo
1539 1844 1781 1910 literas.
1858 1844 1998 1910 Hoc
2045 1845 2104 1910 ei
2153 1844 2372 1924 (licito,
2417 1844 2563 1912 Ser-

237 1951 399 2016 vium
460 1971 676 2018 meum
740 1971 882 2016 esse
947 1950 1401 2021 venundatum.
1495 1950 1687 2029 Vale,
1750 1972 1868 2034 ego
1913 1950 1998 2016 ad
2048 1950 2560 2036 resumpcionem

238 2056 695 2142 discipulorum
741 2056 923 2122 vatic.

404 2167 733 2229 Handsebr.
770 2189 855 2222 =
890 2167 972 2228 St.
1007 2165 1236 2241 Gallen,
1282 2167 1424 2228 Vad.
1470 2167 1608 2228 bibl.
1653 2183 1780 2227 nro,
1820 2168 1966 2240 569,
2013 2183 2264 2242 unpagg.
2251 2211 2288 2242 .‚
2329 2170 2357 2228 l
2393 2167 2556 2227 scite.

368 2492 607 2560 (sn-012)
1353 2403 1436 2470 μ’
2261 2494 2484 2560 (um)

733 2580 1125 2684 [Reuchlin
1161 2605 1259 2654 an
1296 2581 1542 2657 Jacob
1581 2581 1924 2681 Hugonis
1965 2579 2044 2682 ⁸.]

396 2743 539 2812 Non
599 2767 860 2830 possum
914 2766 1040 2811 non
1102 2744 1430 2824 admirari,
1476 2745 1726 2812 Jacobe
1773 2745 2088 2828 Hugonis‚
2133 2743 2556 2830 philosophiae

228 2852 533 2936 magister
597 2853 989 2936 gravissime,
1048 2850 1449 2936 quorundam
1514 2850 1974 2934 discipulorum
2021 2849 2552 2936 ingratitudinem

228 2956 396 3022 velut
450 2956 717 3024 Euathli
773 2959 876 3024 cui
923 2957 1344 3040 Protagoram
1410 2956 1611 3023 fuisse
1675 2963 2141 3042 praeceptorem
2187 2956 2554 3042 perhibent,

228 3061 423 3129 virum
477 3065 651 3130 inter
710 3065 1025 3149 primates
1072 3063 1403 3129 rhetorum
1452 3063 1806 3149 sophistam
1859 3070 1926 3128 et
1971 3061 2437 3147 pei-facundum
2487 3067 2556 3128 et

227 3167 598 3250 perdoctum
634 3177 707 3236 ut
737 3171 844 3255 qui
877 3171 1317 3236 Democritum
1347 3169 1412 3234 in
1446 3168 1786 3253 disciplina
1817 3168 1904 3235 sit
1949 3176 2359 3252 assequutus,
2405 3191 2554 3234 eum

228 3269 716 3360 Prothagoram,
764 3297 907 3342 cum
956 3283 1130 3342 esset
1175 3276 1495 3343 Euathlus
1542 3274 1625 3341 ab
1672 3275 1815 3359 ipso
1861 3275 2064 3358 longis
2111 3274 2296 3339 annis
2343 3272 2555 3340 erudi·

228 3383 345 3461 tus,
407 3381 507 3448 uti
556 3382 693 3466 jam
756 3379 931 3448 haud
1000 3382 1429 3467 inelegantem
1492 3387 1820 3448 oratorem
1880 3402 1948 3446 se
1995 3377 2286 3464 profiteri
2333 3401 2552 3447 coram

1368 3536 1401 3573 'k

370 3622 392 3667 l
441 3618 675 3670 Joannes
714 3619 922 3671 Gerster
966 3621 1030 3671 de
1074 3618 1403 3671 Kouffbflren
1455 3619 1730 3684 Augusten
1778 3617 1929 3684 dyoc.
1981 3616 2156 3668 wurdo
2199 3619 2333 3666 1476
2371 3615 2552 3666 imma-

230 3703 504 3758 trikuliert.
578 3707 687 3758 Der
721 3724 873 3760 name
909 3710 981 3759 ist
1018 3711 1073 3760 in
1112 3708 1201 3767 der
1238 3705 1484 3758 matrikel
1519 3704 1906 3757 untes-strichen
1946 3704 2056 3755 und
2093 3721 2189 3754 vor
2225 3704 2331 3754 ihm
2371 3703 2554 3756 stehen

228 3791 346 3842 zwei
381 3795 616 3858 zoichen,
671 3795 756 3847 die
800 3795 1083 3848 besonders
1131 3797 1227 3848 auf
1272 3795 1365 3846 ihu
1412 3794 1700 3845 binweisen
1747 3793 1940 3856 solleri,
1990 3791 2123 3843 doch
2162 3793 2234 3861 ist
2267 3791 2358 3842 der
2393 3807 2552 3843 monn

226 3887 367 3932 const
400 3899 537 3949 ganz
574 3884 887 3936 unbekannt
922 3883 1284 3951 (mitthcilung
1320 3883 1381 3934 dr
1416 3883 1477 3934 L.
1517 3882 1760 3948 Siebers).
1843 3903 1845 3906 ⁴
1899 3886 1929 3931 2
1969 3881 2080 3932 soll
2111 3880 2389 3946 jedcnftlls
2428 3895 2553 3931 con-

228 3966 493 4023 stitueram
517 3971 741 4023 heissen.
854 3977 883 4038 3
923 3972 1073 4024 Ohne
1097 3972 1396 4036 aufschrfft,
1424 3970 1534 4038 vgl.
1558 3971 1644 4021 die
1667 3974 1831 4020 unten
1855 3986 1896 4020 s.
1926 3972 2046 4032 348,
2073 3985 2120 4020 a.
2155 3974 2176 4018 1
2207 3967 2554 4034 mitgotheilte

229 4057 579 4110 unterschrift.
655 4061 831 4113 Selbst
868 4077 1019 4112 wenn
1054 4059 1196 4112 diese
1232 4059 1383 4110 nicht
1418 4058 1761 4109 unmittelbnr
1801 4063 1958 4108 unter
1993 4056 2108 4108 dem
2144 4055 2308 4106 briefe
2343 4054 2548 4119 stiiutle,

229 4154 283 4190 so
321 4145 494 4198 warde
542 4147 711 4198 dieser
746 4149 911 4199 durch
959 4148 1137 4199 seinen
1186 4148 1358 4199 inbnlt
1404 4146 1489 4197 die
1525 4144 1929 4197 Reuchlinische
1975 4144 2228 4196 herkunft
2262 4159 2552 4210 geuugsnm

228 4225 510 4285 bekunden.
577 4237 683 4286 Der
706 4237 847 4288 brief
867 4237 937 4286 ist
962 4238 1049 4286 fiir
1074 4236 1159 4286 die
1182 4233 1490 4302 biographie
1513 4233 1798 4284 Reuchlins
1834 4232 2076 4284 dessbalb
2105 4248 2206 4282 von
2233 4247 2292 4282 so
2317 4247 2552 4298 grossum

231 4318 399 4382 worth,
436 4323 552 4372 weil
591 4339 646 4373 er
682 4325 837 4390 zeigt,
878 4323 997 4374 dass
1032 4322 1141 4374 und
1177 4323 1348 4374 werin
1386 4323 1449 4372 R.
1488 4321 1572 4373 bei
1607 4321 1660 4371 J.
1702 4323 1770 4371 H.
1811 4321 2104 4372 unterricht
2147 4335 2404 4386 geuosseu
2441 4320 2552 4372 hat.

228 4386 361 4454 Uber
402 4406 635 4460 «Iacobus
671 4411 915 4478 Bugonis
953 4412 1016 4462 de
1052 4412 1463 4462 Morssmiinster
1511 4409 1616 4475 vgl.
1665 4408 1799 4460 oben
1845 4407 2294 4470 nro.1⁸;serner
2330 4407 2554 4459 Vischer

232 4495 550 4550 =.168.189
589 4514 635 4552 0..
662 4502 748 4564 58,
788 4515 829 4552 s.
870 4503 990 4553 324.
1051 4499 1125 4550 Er
1166 4499 1343 4550 wurde
1386 4500 1522 4550 1475
1559 4489 1987 4550 immatrikulicrt
2024 4495 2132 4550 und
2181 4500 2312 4550 147⁶!
2363 4502 2548 4551 rector.
