2950 5042
1306 407 1436 478 313

1180 641 1282 708 CC
1292 641 1542 712 LXXX.

342 729 624 800 stuttgart.
2005 733 2068 782 is
2107 731 2258 782 Febr.
2305 729 2456 783 1519.

442 821 495 896 J
498 845 775 895 oannes
828 819 1195 896 Reuehlin
1252 847 1348 896 an
1404 817 1774 896 wilibald
1829 818 2288 894 Pirkheimer

209 968 378 1053 friigt
418 989 521 1050 an,
573 968 656 1035 ob
691 965 1094 1034 Pirkheimer
1138 966 1256 1035 das
1307 966 1480 1034 werk
1529 966 1826 1034 Galatins
1874 965 1955 1032 de
2004 968 2259 1035 arcanis
2303 962 2532 1048 kenne,

202 1073 431 1141 dessen
480 1073 965 1142 ausfiihrliehen
997 1073 1139 1140 titel
1190 1095 1261 1140 er
1286 1072 1530 1158 angibt,
1577 1072 1769 1140 theilt
1803 1073 1938 1154 mit,
1987 1073 2138 1140 dass
2171 1071 2484 1140 Galatia
2463 1093 2532 1141 in

199 1179 441 1247 diesem
484 1178 659 1248 work
696 1181 717 1220 ¹
764 1179 869 1246 ein
914 1200 1113 1248 neues
1160 1176 1331 1247 buch
1374 1199 1576 1310 gegen
1610 1178 2050 1246 Hochstraten
2097 1176 2530 1266 versprochen

200 1284 369 1354 habe
414 1285 551 1354 und
580 1285 769 1354 fnhrt
810 1285 970 1354 fort.

374 1392 623 1460 Horum
666 1391 983 1460 librorum
1012 1413 1221 1478 nuper
1250 1391 1337 1458 ab
1384 1389 1546 1459 urbe
1592 1391 1845 1460 initium
1877 1391 2128 1477 aliquot
2159 1388 2330 1457 foliis
2361 1410 2532 1458 oom-

198 1496 584 1583 prehensum
632 1496 789 1566 mihi
834 1498 919 1565 ab
964 1497 1239 1564 inimicis
1286 1499 1552 1564 missum
1599 1505 1718 1565 est.
1765 1497 1964 1584 Cujus
2023 1496 2252 1565 titulus
2299 1497 2396 1562 ita
2440 1495 2533 1563 in·

202 1602 540 1670 scribitur:
597 1603 811 1685 „Petri
859 1601 1145 1670 Galatini
1194 1603 1586 1684 Minoritani‚
1635 1605 1872 1672 artium
1920 1610 1987 1669 et
2033 1623 2236 1669 sacrae
2280 1599 2531 1669 theolo-

200 1710 316 1793 giae
366 1708 655 1777 doctoris
702 1731 779 1775 ac
827 1709 1343 1776 reverendissimi
1401 1709 1660 1788 domini,
1711 1712 1784 1776 D.
1833 1710 2025 1776 Laur.
2073 1709 2272 1787 panii,
2305 1727 2535 1804 ‘sacro-

199 1821 441 1881 sanetae
494 1815 803 1882 Romanas
868 1813 1173 1880 Ecclesiae
1227 1815 1335 1881 lv.
1402 1815 1785 1882 Sanctorum
1829 1818 2150 1882 minorum
2195 1819 2535 1880 coronato-

198 1941 338 1987 rum
402 1919 791 2006 presbyteri,
854 1919 1203 1986 cardinalis
1261 1919 1614 1989 familiaris.
1707 1922 1884 2007 Opus
1933 1921 2012 1986 de
2061 1919 2410 2005 Oapnionis
2455 1923 2527 1985 et

199 2027 579 2110 Hogostrati
650 2026 1090 2111 disputatione
1172 2025 1317 2092 divo
1384 2028 1586 2094 Leoni
1633 2025 1930 2094 Pontifici
1997 2027 2276 2092 maximo
2355 2023 2537 2090 dedi·

204 2135 481 2198 eatum.“

376 2237 696 2317 Praesatio,
744 2238 1283 2307 Interlooutores:
1342 2237 1704 2320 Galatinus,
1761 2239 2028 2324 Capnio‚
2074 2239 2534 2322 Hogostratus.

202 2344 285 2408 Et
332 2343 557 2426 siego
604 2364 860 2428 quoque
908 2343 1217 2429 Capnion‚
1280 2343 1471 2429 plane
1530 2365 1607 2410 ao
1670 2346 1944 2430 ingenue
1989 2344 2206 2411 fateor
2249 2342 2537 2410 Galatini

201 2448 410 2515 nostri
456 2469 618 2534 opus
666 2449 745 2514 de
798 2450 1065 2515 Aroanis
1112 2450 1447 2516 catholiooe
1495 2452 1808 2530 veritatis,
1857 2451 1988 2517 tale
2033 2451 2326 2535 profecto
2375 2469 2536 2529 esse,

198 2553 373 2640 quod
420 2575 540 2638 per
582 2553 743 2620 illud
807 2576 933 2620 non
994 2555 1201 2621 solum
1250 2555 1628 2622 Judaeorum
1693 2558 1902 2622 nostri
1950 2556 2260 2642 temporis
2308 2560 2376 2620 et
2421 2552 2536 2619 du-

199 2659 461 2726 rissima
507 2661 725 2726 cervix
757 2660 1047 2726 funditus
1092 2661 1531 2741 contunditur,
1576 2668 1644 2728 et
1687 2661 2021 2728 obstinata
2065 2659 2342 2746 perfidia
2388 2679 2536 2726 eon-

196 2765 497 2846 vincitur,
562 2787 781 2831 verum
851 2767 1046 2831 etiam
1096 2767 1457 2832 orthodoxa
1519 2765 1680 2832 fides
1745 2773 1969 2832 nostra
2029 2766 2376 2851 plurimum
2435 2783 2537 2830 ro-

200 2871 377 2940 boris
422 2872 663 2955 accipit
708 2878 777 2938 et
818 2872 1189 2939 Christiana
1236 2873 1460 2956 religio
1505 2874 1738 2938 mirum
1782 2873 1846 2937 in
1893 2872 2154 2938 modum
2185 2871 2537 2949 exaltatur,

199 2976 323 3043 tibi
384 2984 599 3052 tamen
662 2999 824 3064 opus
881 2980 1092 3063 ipsum
1160 2979 1319 3044 nihil
1386 2980 1490 3060 (ut
1509 3001 1590 3044 ex
1635 2979 1834 3044 animi
1893 2977 2218 3045 sententia
2277 2975 2536 3063 loquar)

199 3082 509 3167 prodesse
565 3105 755 3168 posse
816 3084 1118 3165 arbitror,
1166 3091 1488 3170 quatenus
1555 3107 1673 3170 per
1731 3084 1891 3151 illud
1951 3082 2210 3150 defendi
2275 3101 2536 3168 quoquo

198 3188 393 3254 modo
438 3187 681 3257 valeas.
725 3189 947 3275 Spem,
992 3198 1055 3256 te
1102 3192 1376 3275 primum
1448 3213 1609 3276 opus
1657 3191 1792 3277 jam
1842 3190 2102 3270 habere,
2149 3210 2278 3274 quo
2324 3187 2391 3252 in
2438 3205 2538 3254 re-

200 3294 435 3380 ligione
480 3293 869 3362 Christianae
914 3297 1071 3362 nihil
1132 3318 1415 3381 unquam
1462 3296 1594 3363 vidi
1643 3296 2078 3363 excellentius.
2171 3290 2538 3360 Secundum

197 3407 419 3466 autem
466 3421 629 3486 opus
686 3403 923 3469 iterum
985 3403 1353 3488 iterumque
1415 3423 1608 3487 spero
1653 3423 1770 3469 nos
1816 3403 1946 3468 cito
1993 3401 2352 3491 habituros.
2397 3398 2537 3476 Quo

200 3528 419 3593 quaeso
475 3507 663 3593 quasi
710 3506 981 3598 laqueos
1027 3507 1607 3592 Theologistarum.
1689 3508 1849 3574 Vale
1899 3504 2226 3590 Stutgard.
2282 3509 2359 3570 12
2406 3500 2535 3568 kal.

202 3613 475 3680 Martias
521 3631 690 3678 anno
746 3617 932 3678 1519.

690 3769 695 3774 -
842 3718 1097 3785 Johann
1144 3717 1457 3785 Reuchlin
1505 3716 1885 3784 phorcensis
1933 3714 2056 3782 LL.
2099 3715 2358 3780 Doctor.

381 3826 711 3889 Gedruckt:
746 3849 831 3883 =
862 3828 1131 3889 Bilibaldi
1178 3828 1559 3888 Pirkheimeri
1605 3843 1784 3904 opera
1829 3826 1918 3885 ed.
1972 3823 2238 3899 Goldast‚
2284 3825 2538 3885 Franco·

207 3931 352 3994 furti
405 3937 594 4007 1601,
642 3949 687 3994 s·
740 3937 887 3994 260.

1176 4097 1568 4168 CCLXXXI.

344 4189 620 4258 stuttgart.
2124 4187 2269 4237 Mnrz
2315 4185 2467 4237 1519.

507 4277 876 4354 Reuchlin
932 4306 1030 4353 an
1087 4277 1231 4354 den
1285 4274 1710 4353 erzbischof
1753 4301 1904 4348 von
1960 4273 2230 4349 Mainz.

378 4401 565 4470 Preis
611 4402 727 4472 des
774 4401 1184 4482 erzbisehofs‚
1232 4401 1446 4472 seiner
1491 4398 1727 4478 machi„
1773 4396 1983 4464 seines
2028 4418 2156 4464 neu
2203 4396 2539 4482 erlangten

202 4507 627 4590 cardinalats‚
680 4508 895 4574 seiner
925 4506 1396 4594 begiinstigung
1441 4505 1562 4572 der
1591 4501 2146 4585 wissenschaften3
2191 4501 2540 4590 erziihlung
