2950 5042
1545 366 1679 449 253

431 582 561 658 tur,
605 576 778 641 inter
824 592 988 659 quos
1033 572 1230 639 etiam
1275 572 1399 657 ipsi
1445 578 1514 638 et
1544 570 1909 656 Pepercorn
1958 574 2026 637 et
2054 568 2367 637 Ortuinus
2414 550 2615 651 erant,
2656 552 2751 635 me

434 682 738 749 adierunt
803 680 1166 764 experturi,
1233 677 1392 763 quid
1459 698 1537 743 ea
1602 678 1669 742 in
1732 698 1803 743 re
1860 677 2001 761 ipse
2059 676 2443 743 affirmarem
2462 726 2479 757 ,
2536 674 2753 760 quibus

436 788 634 854 etiam
681 786 844 852 alias
892 785 1136 863 literas,
1201 783 1286 849 ad
1332 805 1436 849 me
1484 783 1827 849 latiuscule
1872 804 1993 867 per
2050 783 2397 849 Doctorem
2459 784 2756 850 Joannem

436 893 586 958 Wik
631 899 1124 977 procuratorem
1171 896 1355 955 tuum
1403 891 1714 974 scriptas,
1774 889 1841 953 in
1890 888 2161 954 eandem
2208 889 2466 955 ostendi
2522 893 2758 953 senten-

435 998 614 1064 tiam.
709 996 864 1076 Quae
909 1018 1016 1062 res
1047 997 1144 1063 tui
1176 1001 1491 1074 amanteS,
1539 1016 1815 1081 quorum
1844 996 2053 1080 major
2082 994 2364 1061 Coloniae
2412 1001 2517 1061 est
2558 1014 2761 1058 nume-

438 1124 583 1184 rus,
645 1124 839 1188 quam
886 1103 1105 1169 forsan
1155 1104 1294 1187 ipse
1357 1102 1754 1186 speraveris,
1814 1101 2005 1167 solito
2071 1100 2588 1186 aequianimiores
2646 1098 2763 1163 ala-

440 1210 832 1294 crioresque,
879 1210 1041 1275 alios
1071 1230 1225 1275 vero
1257 1208 1440 1273 vultu
1490 1214 1555 1273 et
1586 1208 1803 1273 animo
1836 1207 2279 1292 depressiores
2324 1206 2501 1272 fecit.
2594 1202 2763 1282 Quod

442 1320 662 1381 autem
709 1315 966 1395 scribis,
1013 1314 1152 1379 lata
1196 1335 1314 1398 pro
1361 1319 1426 1378 te
1475 1313 1801 1379 sententia
1846 1320 1912 1380 te
1960 1312 2293 1379 Coloniam
2335 1332 2610 1396 peregre
2653 1310 2763 1375 itu-

443 1442 619 1501 rum,
665 1420 752 1485 ad
798 1440 1010 1486 meam
1070 1420 1134 1484 in
1181 1419 1404 1503 lingua
1468 1442 1662 1504 quam
1724 1419 1919 1485 edere
1980 1419 2147 1502 coepi
2178 1417 2441 1483 chaldia
2508 1415 2765 1481 eruditi-

442 1547 649 1606 onem,
710 1526 1061 1611 plurimum
1108 1524 1360 1609 gaudeo
1409 1526 1580 1610 quod
1630 1526 2022 1591 sententiam
2068 1524 2170 1591 vel
2216 1526 2355 1609 jam
2404 1523 2637 1602 latam,
2680 1520 2767 1586 vel

440 1632 819 1717 propediem
879 1631 1213 1699 ferendam
1276 1652 1487 1715 spero.
1582 1632 1747 1696 Nam
1810 1636 1877 1697 et
1934 1632 2015 1695 D.
2076 1630 2222 1695 Wik
2276 1631 2454 1695 inter
2526 1628 2655 1719 alia
2696 1625 2768 1691 ad

442 1759 545 1804 me
592 1738 879 1822 scripsit,
943 1737 1118 1823 quod
1161 1737 1545 1803 ‘mandatum
1592 1737 1673 1803 de
1730 1737 2212 1822 supersedendo
2248 1738 2305 1818 ²,
2362 1757 2489 1820 per
2536 1738 2770 1800 contra-

446 1844 616 1911 rium
671 1865 712 1909 a
759 1844 1165 1910 sanctissimo
1213 1844 1470 1910 domino
1528 1850 1751 1911 nostro
1804 1844 2126 1928 signatum
2174 1841 2567 1909 mandatnm
2610 1838 2771 1925 rejici

449 1936 794 2017 curaverit.
886 1951 973 2016 Et
1026 1951 1145 2015 nisi
1203 1950 1780 2016 reverendissimus
1836 1949 2184 2015 cardinalis
2247 1948 2479 2016 Sancti
2524 1947 2723 2013 Marci
2752 1944 2773 1983 ²

446 2077 527 2124 ex
587 2054 784 2135 urbe,
844 2055 960 2121 ubi
1020 2057 1368 2141 quotannis
1415 2056 1806 2123 durantibus
1852 2055 2261 2141 generalibus
2304 2054 2495 2123 feriis
2561 2052 2773 2120 solitus

445 2165 578 2239 est,
644 2160 1011 2240 secederet,
1073 2182 1336 2228 causam
1395 2168 1577 2227 tuam
1640 2162 1705 2227 in
1764 2161 1923 2246 ipsis
1982 2161 2164 2227 feriis
2240 2182 2359 2244 per
2420 2158 2773 2229 cardinales

445 2266 657 2332 decidi
705 2265 1035 2351 sperabat.
1125 2266 1293 2331 Lata
1351 2267 1551 2351 igitur
1596 2288 1715 2351 pro
1779 2276 1845 2333 te
1891 2267 2250 2347 sententia,
2296 2286 2439 2333 ,non
2486 2288 2627 2347 me,
2672 2262 2771 2329 sed

446 2372 784 2439 Coloniam
830 2372 1038 2456 ipsam
1084 2372 1400 2437 accedito.
1496 2374 1805 2458 Injuriam
1853 2380 2072 2439 tamen
2118 2372 2277 2437 mihi
2320 2372 2565 2440 feceris
2610 2368 2768 2435 haud

443 2478 868 2559 mediocrem,
931 2478 1053 2543 nisi
1119 2478 1309 2543 domo
1373 2500 1554 2559 mea,
1602 2468 1786 2564 cujus
1840 2478 2239 2565 reparationi
2292 2478 2431 2563 jam
2498 2475 2768 2553 intendo,

443 2584 732 2669 hospicio
794 2584 994 2650 fueris
1073 2606 1247 2651 usus.
1355 2586 1485 2651 Ero
1558 2586 1621 2649 in
1694 2592 1761 2651 te
1824 2586 2109 2670 linguam
2180 2585 2391 2669 ipsam
2458 2581 2766 2650 chaldiam

443 2690 732 2757 docendo
766 2697 916 2757 tuus
948 2690 1414 2770 Barnabanus,·
1444 2712 1570 2755 non
1604 2691 1812 2756 solum
1842 2697 2195 2756 nocturnus
2227 2689 2343 2756 sed
2377 2695 2446 2755 et
2495 2689 2767 2766 diurnus,

442 2796 602 2889 nihil
671 2818 782 2863 eos
838 2802 1162 2877 metuenS,
1227 2797 1338 2881 qui
1393 2803 1458 2862 te
1518 2797 1667 2864 odio
1728 2802 2232 2881 prosequuntur.
2324 2794 2523 2861 Mitto
2588 2794 2673 2860 ad
2714 2800 2769 2858 te

443 2902 724 2987 ineptias
760 2901 801 2981 ³,
853 2924 1016 2987 quas
1064 2902 1245 2970 brevi
1275 2910 1427 2968 ante
1475 2903 1574 2968 tui
1628 2903 1845 2969 aemuli
1889 2902 2009 2967 sub
2058 2900 2372 2968 vocabulo
2422 2899 2768 2967 Nebulonis

442 3005 619 3073 illius
665 3008 1065 3074 Pfefferkorn
1115 3008 1495 3074 conflarunt.
1590 3010 1763 3075 Bene
1811 3008 1972 3089 vale,
2020 3013 2087 3073 et
2133 3007 2233 3073 uti
2276 3007 2448 3074 soles
2502 3007 2771 3073 redama.

447 3112 545 3177 Ex
591 3113 858 3179 Colonia
895 3119 989 3179 13
1040 3114 1440 3205 Septembris
1490 3108 1673 3181 Anno
1728 3120 1915 3180 1516.

627 3222 949 3285 Gedruckt:
987 3248 1068 3280 =
1102 3226 1158 3287 J.
1191 3245 1243 3287 v.
1282 3242 1332 3287 e.
1364 3244 1419 3287 v.
1463 3230 1517 3286 1.

1451 3408 1785 3478 CCXXVI.

593 3502 926 3571 Antwerpen.
2216 3498 2283 3547 29
2324 3496 2472 3567 Sept.
2516 3497 2717 3565 (1516.)

1217 3571 1566 3649 Erasmus
1620 3569 2015 3673 Capnioni.

625 3696 788 3763 Cum
865 3698 984 3763 lias
1053 3698 1280 3771 literas
1363 3718 1703 3783 parassem
1792 3694 1877 3760 ad
1970 3696 2242 3780 primam
2322 3693 2774 3787 γραματοφόρου

446 3803 1039 3886 copiam,.redditae
1086 3810 1240 3869 sunt
1275 3804 1654 3887 Antwerpiae
1685 3809 1813 3868 tuae
1856 3801 2082 3883 literis,
2128 3803 2246 3868 sed
2290 3821 2515 3867 mense
2564 3798 2729 3865 Julio
2754 3794 2778 3832 ⁴

440 3910 704 3993 >scriptae
749 3932 911 3995 quas
959 3932 1079 3994 ego
1127 3910 1213 3975 ad
1258 3908 1452 3976 finem
1486 3908 1887 3994 Septembris
1920 3908 2161 3992 accepi,
2210 3908 2296 3973 ad
2342 3906 2462 3973 has
2511 3912 2593 3969 ut
2634 3922 2777 3989 pau-

445 4017 721 4087 cissimis
787 4006 1246 4104 respondeam.
1339 4017 1503 4083 Erat
1576 4016 1839 4099 quidem
1912 4014 2043 4079 mei
2114 4012 2339 4094 officii,
2417 4008 2776 4078 doctissime

507 4145 514 4150 ·
1602 4145 1640 4187 a

595 4246 616 4290 1
661 4240 880 4304 Dieses,
916 4240 1056 4304 Aug.
1105 4240 1262 4301 1516,
1316 4236 1583 4288 erlassene
1630 4234 1845 4287 mandat
1892 4235 1963 4285 ist
2014 4248 2117 4285 uns
2166 4231 2315 4285 nicht
2359 4230 2630 4301 erbalten3
2678 4223 2775 4293 νει.

446 4328 708 4379 Reuchlin
731 4346 770 4380 s,
800 4332 900 4379 319
929 4330 998 4394 fg.
1147 4332 1176 4377 2
1220 4327 1472 4377 Grimani.
1623 4326 1655 4375 3
1690 4323 1943 4392 Ineptias]
1967 4322 2318 4374 pfefferkorns
2346 4320 2583 4372 defensio
2612 4326 2777 4369 eontra

439 4418 687 4469 famosas.
835 4424 866 4470 4
905 4414 1079 4487 sulio]
1121 4416 1217 4467 wol
1258 4417 1427 4467 falsch
1467 4417 1551 4465 rm·
1575 4412 1775 4486 Junio3
1816 4428 1859 4465 s.
1900 4429 1947 4464 o.
1986 4411 2086 4463 den
2112 4412 2255 4464 brief
2276 4425 2394 4462 vom
2421 4412 2451 4461 5
2476 4408 2611 4461 Jtmi
2644 4404 2773 4466 1516,

451 4522 563 4555 nro.
607 4504 812 4557 CCXX.
