2950 5042
1273 414 1404 485 221

211 602 474 686 dicatam,
534 602 622 671 ad
683 624 896 672 meam
939 604 1318 673 instantiam
1377 604 1553 674 datae
1598 609 1751 673 suut
1794 604 2281 691 executor-iales,
2346 630 2515 695 quas

210 711 378 776 etiam
439 710 578 777 istis
644 709 984 797 colligatas
1051 711 1567 799 paternitatibus
1626 732 1883 798 quoque
1964 713 2201 781 vestris
2245 714 2435 781 mitto
2471 716 2513 781 ².

207 816 288 881 Ex
314 816 534 901 quibus
565 816 862 883 omnibus
895 818 1314 903 cognoscetis,
1345 817 1515 885 male
1546 802 1959 885 adversarios
1989 818 2239 901 fecisse,
2270 841 2504 887 nomen

205 942 388 987 meum
427 922 492 987 in
537 922 846 989 universa
891 923 1366 991 christianitate
1413 922 1509 991 sic
1558 922 1953 1005 infamando,
2014 946 2161 991 cum
2206 926 2333 1011 ipsi
2375 924 2513 993 fne-

204 1027 313 1093 rint
351 1027 484 1111 ejus
551 1026 744 1094 famae
812 1028 1112 1095 malevoli
1155 1034 1438 1109 autores,
1467 1034 1569 1109 ,et
1612 1028 1811 1095 iidem
1851 1029 1977 1114 ipsi
2023 1029 2399 1097 scandalum
2445 1037 2515 1099 et

203 1131 621 1213 offendiculum
663 1134 846 1223 plebi
879 1134 906 1175 ⁸
949 1134 1306 1220 posuerint,
1351 1154 1489 1201 non
1538 1155 1690 1219 ego,
1736 1134 1911 1220 quod
1958 1140 2177 1203 tamen
2240 1137 2515 1203 scanda-

200 1237 308 1303 lum
347 1260 424 1305 ex
465 1238 626 1324 ipsis
673 1244 890 1307 ortum
925 1241 1065 1326 jam
1111 1240 1192 1307 de
1238 1240 1460 1327 gratia
1508 1239 1648 1322 Dei,
1704 1239 1973 1326 justicia
2016 1241 2363 1323 mediante,
2408 1262 2511 1310 so-

202 1345 376 1427 pitum
421 1350 542 1412 est.
2132 1422 2139 1429 ,

346 1450 504 1529 Quia
550 1471 708 1518 vero
753 1450 928 1537 apud
973 1450 1308 1520 indoctum
1353 1450 1583 1535 vulgus
1636 1448 1877 1537 ubique
1930 1450 2185 1521 famant
2230 1473 2301 1520 se
2346 1452 2513 1520 velle

201 1556 343 1639 apud
386 1562 642 1625 vestras
687 1556 1264 1623 excellentissimas
1340 1556 1772 1641 paternitates
1798 1556 1824 1597 ⁸
1872 1556 2234 1643 impetrare
2282 1564 2513 1625 contra

199 1681 279 1727 me
335 1667 530 1748 atque
601 1662 890 1730 libellum
958 1685 1172 1731 meum
1229 1662 1491 1729 oculare
1554 1660 1889 1747 speculum
1962 1683 2195 1729 novam
2212 1712 2229 1744 ‚
2294 1663 2511 1731 nescio

199 1788 386 1850 quam,
430 1768 942 1835 declarationem
991 1790 1106 1839 seu
1151 1768 1761 1835 determinationem
1782 1818 1797 1849 ,
1858 1790 1975 1853 ego
2038 1774 2355 1854 quantum
2398 1788 2513 1853 po-

201 1876 324 1954 tero,
365 1874 725 1941 humillime
770 1880 924 1959 peto
971 1881 1046 1940 ut
1105 1895 1210 1939 me
1255 1872 1581 1939 facturam
1630 1880 1919 1941 vestram
1982 1896 2111 1942 nou
2156 1873 2513 1941 destruatis

199 1998 370 2063 neque
401 1981 429 2020 ⁴
491 1980 580 2047 de
627 1980 872 2064 gremio
919 1986 990 2045 et
1032 1979 1114 2046 de
1161 1999 1430 2063 corpore
1476 1986 1695 2045 vestro
1742 1979 2111 2047 membrum
2154 2001 2259 2049 me
2320 1978 2513 2047 laeda-

194 2083 274 2149 tis.
373 2085 527 2151 Sum
603 2086 772 2151 enim
807 2084 833 2123 ⁵
919 2084 1234 2152 scholaris
1309 2086 1749 2153 universitatis
1826 2085 2209 2153 Parisiensis
2272 2086 2515 2171 egregii

195 2191 486 2272 qnondam
531 2190 872 2275 theologiae
919 2190 1203 2257 doctoris
1249 2191 1493 2257 domini
1549 2191 1590 2257 J
1594 2192 1821 2258 oannis
1883 2192 1967 2257 de
2016 2191 2267 2277 Lapide
2324 2191 2515 2257 disci-

190 2296 350 2378 pulus
414 2299 486 2364 in
557 2296 852 2364 Serbona
884 2297 938 2378 ⁶,
1011 2303 1078 2363 et
1145 2302 1376 2381 postea
1447 2296 1843 2363 Marchionis
1918 2296 2267 2377 Badensis,
2342 2318 2513 2365 nunc

190 2400 463 2489 Episcopi
509 2403 950 2488 Trajectensis
995 2402 1497 2491 condiscipulus,
1556 2402 1883 2488 quondam
1954 2402 2039 2469 ad
2084 2402 2287 2471 solem
2332 2402 2515 2470 habi·-

189 2511 312 2573 tans
368 2510 436 2575 in
499 2511 610 2576 via
637 2510 658 2549 ⁷
724 2509 784 2575 S.
831 2508 1094 2589 Jacobi‚
1157 2514 1308 2576 ante
1374 2528 1577 2575 annos
1638 2508 1717 2575 si.
1752 2508 1893 2575 rite
1938 2509 2249 2577 recordor
2292 2515 2397 2590 45,
2446 2514 2515 2575 et

188 2610 476 2681 hactenus
524 2614 718 2681 almae
761 2615 957 2680 matri
1001 2620 1243 2682 nostrae
1289 2614 1639 2679 Parisiensi
1704 2614 2117 2681 universitati
2172 2634 2302 2681 non
2363 2634 2513 2698 par·-

189 2738 312 2785 vam
377 2721 642 2787 laudem
711 2719 904 2787 attuli
961 2719 1338 2800 scribendo,
1403 2718 1747 2804 loquendo,
1812 2718 2122 2799 docende,
2187 2725 2263 2785 ut
2308 2739 2512 2803 opera

186 2832 386 2895 nostra
416 2827 443 2866 ⁸
488 2826 805 2893 indicant.
897 2826 1032 2892 Nec
1079 2825 1284 2891 ullam
1331 2826 1394 2891 ei
1437 2824 1759 2890 maculam
1805 2844 1923 2908 per
1968 2824 2229 2891 oculare
2286 2845 2511 2909 specu-

187 2928 297 2996 lum
337 2934 561 3014 inussi,
633 2932 806 3018 quod
875 2938 1090 2999 stante
1157 2951 1304 2997 mea
1361 2929 1799 2997 declaratione
1847 2928 2039 2997 simul
2086 2936 2153 2996 et
2196 2930 2261 2996 in
2308 2930 2511 2997 conti-

185 3039 341 3102 nenti
385 3037 590 3119 edita,
656 3045 794 3104 tum
860 3038 1066 3104 latina
1127 3057 1318 3123 quam
1370 3036 1703 3103 teutonica
1747 3036 1909 3103 nihil
1952 3036 2243 3105 continet
2286 3056 2363 3103 ac
2410 3056 2512 3105 as-

188 3144 324 3209 serit
368 3144 830 3211 scandalosum
848 3192 865 3224 ‚
933 3142 1094 3209 nihil
1159 3148 1388 3211 contra
1452 3142 1798 3209 ecclesiam
1880 3142 2268 3209 catholicam
2302 3141 2329 3181 ⁹
2349 3191 2366 3224 ‚
2434 3148 2515 3209 ut

185 3255 347 3330 patet
391 3253 638 3335 acriter
679 3251 975 3317 intuenti.

343 3358 560 3437 Quare
637 3357 724 3423 ad
791 3378 904 3423 vos
967 3356 1296 3441 integrum
1365 3354 1625 3421 oculare
1672 3354 2006 3440 speculum
2062 3355 2269 3435 mitto,
2336 3352 2510 3439 quod

188 3460 524 3530 adversarii
591 3469 967 3529 truncatum
1015 3468 1105 3527 et
1165 3459 1540 3527 mutilatum
1607 3460 1755 3528 dolo
1815 3460 1986 3526 malo
2034 3459 2509 3537 circumtulere,

188 3582 298 3650 quo
339 3569 602 3637 facilius
647 3568 974 3655 quoslibet
1018 3566 1318 3633 doctores
1365 3566 1494 3633 sibi
1536 3565 1945 3633 consulentes
2006 3565 2073 3629 in
2139 3586 2322 3630 suam
2370 3564 2510 3649 opi-

187 3672 416 3741 nionem
463 3675 812 3743 adversum
868 3694 971 3741 me
1017 3672 1373 3739 traherent.
1435 3670 1713 3739 Habetis
1762 3671 2220 3737 sacratissimae
2264 3668 2513 3735 theolo-

187 3779 288 3861 giae
329 3781 686 3849 doctissimi
727 3780 1030 3848 doctores
1076 3786 1144 3847 et
1187 3778 1588 3863 integerrimi
1633 3784 1878 3862 patres,
1926 3796 2242 3843 summam
2296 3795 2511 3839 causae

189 3905 328 3955 meae
403 3895 722 3975 quantum
774 3885 913 3953 fieri
966 3888 1183 3973 potnit
1239 3886 1517 3952 celerius
1562 3882 1649 3949 ad
1700 3904 1811 3949 vos
1869 3882 2023 3948 licet
2068 3880 2509 3965 perfunctorie

189 3993 450 4078 missam,
498 3995 741 4081 primo:
798 3994 1128 4079 Integrum
1173 3991 1435 4061 oculare
1494 3987 1861 4076 speculum,
1920 3986 2235 4054 secundo:
2283 4006 2511 4072 pacem

1324 4120 1360 4159 ιι

321 4220 346 4267 1
383 4213 798 4283 Verurtheilung
822 4212 1205 4267 Hochstratens
1240 4204 1297 4261 i‘n
1332 4210 1418 4261 die
1452 4208 1642 4260 kosten
1682 4210 1751 4258 24
1780 4206 1935 4275 April
1965 4209 2127 4269 15143
2164 4203 2275 4272 vgl.
2307 4202 2510 4254 Reueh-

191 4297 258 4351 lin
291 4306 406 4356 304.
552 4309 581 4355 2
621 4302 787 4355 Plaebi
838 4306 885 4354 2.
1033 4305 1062 4353 3
1101 4298 1589 4350 Excellentissimas
1635 4312 1784 4363 ausg.
1836 4300 1885 4347 2.
1933 4298 1981 4345 3.
2132 4297 2167 4342 4
2202 4292 2392 4357 Meque
2426 4306 2510 4355 ne,

195 4391 235 4438 2.
272 4394 316 4443 3.
459 4395 490 4443 5
525 4390 648 4459 vgl.
703 4408 770 4442 zu
817 4390 936 4443 dem
971 4386 1254 4456 folgenden
1303 4385 1404 4437 den
1440 4386 1581 4439 brief
1621 4400 1690 4434 an
1728 4383 1897 4435 Faber
1936 4386 1999 4434 31
2042 4382 2179 4449 Aug.
2224 4382 2357 4431 1513
2394 4394 2511 4431 nro-

195 4474 401 4533 CLXXI.
543 4485 574 4533 6
614 4478 853 4531 Serbona
891 4484 939 4531 3.
1087 4482 1114 4528 7
1161 4474 1294 4526 Vico
1333 4478 1380 4524 2.
1423 4478 1470 4525 3.
1620 4477 1651 4525 8
1689 4474 1881 4523 Nostra
1910 4487 2065 4539 opera
2093 4474 2137 4520 2.
2170 4472 2217 4529 3,
2364 4470 2395 4519 9
2434 4468 2512 4523 Ae

198 4568 365 4619 asserit
398 4568 503 4620 und
539 4570 656 4621 cat}
669 4568 858 4621 olicam
899 4567 1095 4637 ausgel.
1134 4570 1183 4616 2.
1226 4567 1272 4613 3.
