2950 5042
1308 400 1436 469 261

241 590 508 677 losigkeit
565 590 679 657 des
739 589 1068 658 irdiscben
1127 592 1353 661 lebeus
1418 616 1533 660 vos
1596 600 1665 661 et
1720 592 1934 660 ordini
1994 598 2063 660 et
2114 593 2373 681 parenti
2420 594 2549 661 Au·

245 698 475 782 gustino
538 696 1004 778 deditissimus,
1069 704 1382 784 quantum
1454 700 1539 767 ad
1616 722 1733 768 nos
1801 698 2039 765 attinet
2100 704 2547 787 quantumque

239 802 422 868 nostri
455 802 620 887 juris
665 809 783 883 est,
831 810 1054 869 nostro
1101 804 1312 870 ordini
1357 804 1790 873 adscribimus
1836 811 2037 891 atque
2082 826 2195 871 vos
2242 804 2547 889 singulos,

236 914 295 974 ut
337 930 408 975 ex
466 910 704 975 nostris
759 930 975 990 unum,
1023 916 1162 976 toto
1209 911 1404 977 corde
1451 910 1813 979 confratres
1860 916 1928 977 et
1972 929 2384 977 consororem
2426 932 2550 996 per

234 1013 335 1080 has
375 1014 594 1083 literas
641 1022 706 1081 et
752 1016 1104 1103 accipimus
1151 1022 1218 1083 et
1265 1038 1569 1085 vocamus
1602 1067 1617 1083 .
1651 1066 1667 1083 .
1700 1065 1716 1082 .
1748 1065 1764 1083 .
1810 1018 1995 1083 Anno
2046 1020 2235 1097 1516,
2302 1016 2408 1083 die
2458 1022 2544 1083 20

233 1118 522 1187 Octobris.

383 1228 703 1293 Gedruckt:
735 1248 818 1289 ==
849 1230 905 1291 J.
941 1248 995 1290 v.
1029 1248 1080 1293 e.
1121 1231 1190 1291 Β.
1229 1236 1318 1293 4⁸.
1355 1232 1454 1293 0⁸.

1123 1556 1130 1563 .
1163 1496 1565 1569 ccxxvm.

349 1605 492 1655 nom.
2314 1608 2465 1659 1516.

649 1672 998 1777 AEgidius
1053 1674 1539 1751 Viterbiensis
1594 1703 1693 1751 an
1746 1674 2115 1753 Reuchlin

224 1819 477 1906 beklagt,
523 1821 680 1889 dass
711 1844 783 1889 er
817 1822 1128 1891 Reuchlin
1160 1822 1266 1889 bei
1296 1824 1510 1891 seiner
1538 1823 1974 1891 anwesenheit
2001 1822 2069 1889 in
2100 1823 2542 1893 Dentsehland

222 1926 379 1993 nicht
419 1928 702 2013 geseben
747 1928 936 2011 habe,
983 1929 1123 2014 gibt
1168 1929 1383 1997 seiner
1434 1928 1915 2013 bewunderung
1957 1928 2065 1995 fiir
2120 1929 2189 1995 R..
2236 1929 2360 2013 den
2406 1930 2544 1997 leb-

221 2030 522 2101 haftesten
571 2034 928 2115 ausdruck,
987 2034 1146 2101 hebt
1193 2035 1370 2101 seine
1417 2036 1783 2103 verdienste
1829 2034 1935 2099 fiir
1979 2033 2359 2101 hebrffische
2406 2036 2543 2103 und

218 2135 712 2207 kabbalistische
757 2140 1013 2207 studien
1061 2139 1296 2207 hervor
1341 2140 1474 2207 und
1522 2139 1841 2207 schreibt:

220 2312 224 2320 ,
375 2245 638 2313 Thorah
685 2253 914 2333 erepta
956 2246 1167 2331 primo
1205 2245 1392 2312 nobis
1441 2252 1543 2312 est
1588 2267 1631 2313 a
1676 2245 1799 2313 dee
1848 2267 1929 2311 ex
1973 2246 2117 2330 igne
2150 2266 2295 2313 cum
2328 2244 2535 2313 Abra-

219 2346 350 2417 ham
394 2373 474 2417 ex
518 2353 666 2437 igne
714 2359 1046 2419 servatum
1091 2373 1236 2419 esse
1284 2351 1507 2417 voluit.
1600 2350 1785 2417 Nunc
1831 2350 2116 2417 seeundo
2148 2372 2191 2418 a
2222 2350 2538 2418 Reuchlin

219 2463 458 2523 servata
503 2463 610 2525 est
653 2479 734 2523 ex
778 2459 954 2543 igne,
1019 2479 1164 2523 cum
1212 2457 1364 2523 libri
1408 2457 1503 2523 illi
1550 2457 1792 2523 servati
1837 2463 1989 2523 sunt
2034 2456 2267 2541 quibus
2314 2458 2542 2527 stanti·

209 2560 324 2627 bus
365 2563 470 2629 lex
515 2562 828 2648 panditur
873 2569 942 2629 et
985 2564 1196 2629 lucem
1227 2563 1420 2649 capit,
1468 2562 1949 2629 intereuntibus
1980 2569 2201 2627 autem
2250 2560 2571 2629 tenebris'

217 2668 500 2741 aethernae
562 2669 772 2735 noetis
833 2667 1208 2738 offunditur.
1311 2669 1607 2755 Denique
1653 2669 1717 2734 in
1778 2667 1901 2734 boc
1950 2668 2198 2752 judicio
2246 2673 2357 2733 tuo
2424 2667 2541 2734 ubi

217 2769 323 2839 hac
366 2781 598 2841 aestate
644 2775 1008 2859 periculoso
1066 2782 1226 2841 aestu
1271 2774 1747 2854 laboravimus,
1816 2793 1943 2839 non
2003 2779 2069 2839 te
2132 2772 2248 2837 sed
2308 2771 2535 2857 legem,

216 2897 330 2943 non
369 2880 693 2947 Thalmud
741 2878 858 2947 sed
915 2880 1288 2962 ecclesiam,
1343 2902 1472 2947 non
1517 2878 1829 2947 Reuchlin
1886 2898 2004 2963 per
2050 2900 2193 2957 nos,
2256 2878 2371 2945 sed
2417 2900 2537 2953 nes

214 3004 318 3067 per
359 2985 680 3053 Reuchlin
725 2993 1018 3056 servatos
1065 2993 1134 3053 et
1178 2986 1481 3053 defensos
1525 2984 1963 3069 intelligimus.
2028 2984 2233 3051 Velim
2279 3006 2421 3069 quae
2454 2984 2536 3051 de

216 3089 646 3177 Pythagoricis
691 3090 930 3159 cudere
978 3098 1043 3157 te
1091 3092 1348 3172 scribis,
1405 3091 1603 3157 latius
1665 3091 1746 3157 de
1804 3091 1898 3157 eis
1954 3113 2057 3157 me
2104 3089 2344 3159 reddas
2401 3112 2537 3159 cer-

213 3194 448 3263 tiorem.
543 3197 722 3276 Vale,
769 3198 1004 3263 Romae.
1057 3199 1239 3263 Anno
1287 3197 1609 3263 MD.XVI.

379 3322 707 3385 Gedruckt:
743 3343 827 3381 =
857 3324 914 3384 J.
949 3343 1002 3387 v.
1038 3341 1089 3385 e.
1121 3324 1192 3385 Β.
1225 3320 1350 3397 iiib;
1396 3324 1465 3385 B.
1503 3326 1596 3383 4⁸.

1197 3592 1537 3661 CCXXIX.

342 3679 524 3731 wien.
1786 3680 1907 3746 (vor
1945 3678 2061 3730 dem
2104 3684 2167 3731 24
2210 3680 2325 3732 oet.
2362 3683 2537 3749 1516.)

369 3784 762 3860 Vadianus
815 3799 1036 3888 poeta
1091 3787 1461 3862 laureatus
1518 3788 1572 3863 J
1574 3786 1802 3861 oanni
1855 3784 2222 3860 Reuchlin
2278 3784 2353 3860 S.

375 3931 683 3999 Ulrichus
730 3936 1057 4001 Huttenus
1094 3937 1134 4015 ¹,
1184 3935 1559 4002 doctissime
1608 3934 1929 4018 Capnion,
1990 3932 2196 3999 literis
2228 3932 2255 3970 ²
2300 3931 2386 3999 ad
2432 3954 2535 3999 me

213 4037 334 4117 suis
377 4039 684 4108 Bononiae
733 4041 904 4106 datis
949 4040 1306 4109 honorifica
1350 4042 1448 4107 tui
1493 4039 1817 4107 mentione
1864 4038 2065 4119 facta,
2114 4038 2269 4123 quid
2314 4038 2533 4104 Romae

1345 4170 1381 4209 *

353 4266 369 4310 l
415 4260 530 4312 Von
569 4260 768 4311 Hutten
810 4262 878 4312 ist
918 4275 1028 4311 nun
1067 4276 1181 4311 zum
1223 4260 1535 4313 erstenmale
1586 4262 1638 4310 in
1677 4275 1866 4311 unsern
1907 4259 2106 4309 briefen
2146 4256 2537 4310 ansfiihrlicber

214 4342 290 4395 die
326 4347 465 4399 rede.
535 4350 674 4400 Dass
712 4348 842 4399 iiber
887 4349 978 4399 ibn
1026 4350 1111 4401 die
1148 4351 1512 4417 sammlungen
1552 4365 1651 4399 von
1690 4349 1933 4414 Becking
1970 4346 2075 4397 und
2115 4348 2208 4399 das
2246 4348 2387 4399 werk
2428 4366 2533 4400 von

213 4432 390 4486 Stranss
440 4437 571 4489 alles
621 4438 837 4505 nothige
885 4438 1174 4501 entbalten,
1211 4438 1402 4491 bedarf
1441 4439 1599 4489 kaum
1638 4437 1729 4488 der
1767 4436 2108 4511 erwabnung.
2256 4440 2284 4491 2
2325 4436 2536 4511 Literis]

215 4520 374 4579 dieser
409 4524 550 4583 brier
581 4528 806 4584 Buttens
844 4543 910 4583 an
955 4526 1158 4581 vadi-n
1201 4528 1272 4582 ist
1308 4526 1456 4579 nieht
1494 4525 1746 4581 erla-lton.
