2950 5042
1508 407 1632 473 166

393 612 462 671 et
506 605 601 671 sic
648 603 863 669 omnia
910 601 1216 669 constitui
1260 599 1418 665 mihi
1464 597 1737 683 agenda,
1781 602 1858 663 ut
1917 600 1992 661 tu
2039 596 2369 663 admones.
2463 596 2730 663 Tracta-

388 712 595 776 tulum
665 710 899 775 faciam
972 706 1490 773 declarationum
1563 724 1855 769 mearum
1918 702 1984 766 in
2067 702 2288 785 lingua
2360 702 2730 786 germanica

390 816 577 882 nobis
623 813 1004 893 vernacula,
1053 820 1127 877 ut
1174 834 1253 877 ex
1300 809 1630 895 prioribus
1678 809 1807 875 tuis
1853 806 2062 873 literis
2108 806 2231 873 tibi
2275 806 2537 890 placere
2587 828 2732 873 con-

380 921 557 1007 jicio.
666 920 1023 1003 Expectavi
1090 918 1405 983 hactenus
1462 914 1983 979 informationem
2051 912 2423 991 doctorum,
2509 918 2732 979 contu-

392 1025 756 1091 bernalium
810 1031 1067 1090 tuorum
1092 1073 1107 1103 ,
1170 1024 1329 1087 licet
1393 1021 1658 1087 frustra.
1753 1020 1836 1084 Et
1891 1039 2060 1084 nunc
2118 1040 2240 1103 pro
2299 1026 2418 1086 tua
2471 1040 2732 1105 quoqne

396 1131 766 1209 voluntate,
834 1148 1225 1215 quamquam
1291 1134 1547 1211 tempus
1617 1125 1965 1191 admodum
2043 1124 2237 1189 breve
2311 1130 2447 1204 est,
2510 1131 2734 1189 tamen

398 1241 622 1302 noctes
651 1236 975 1301 insomnes
993 1235 1245 1315 ducam,
1280 1255 1357 1299 eo
1376 1232 1550 1317 quod
1570 1231 1708 1297 dies
1738 1230 1896 1297 mihi
1929 1230 2344 1297 consumendi
2361 1230 2733 1296 necessario

390 1344 529 1427 jam
576 1342 706 1407 sint
748 1340 815 1405 in
874 1339 1247 1424 reipublicae
1292 1338 1576 1421 negociis
1621 1335 2043 1416 secularibus,
2087 1336 2184 1403 ita
2227 1342 2303 1402 ut
2345 1337 2452 1401 vix
2497 1357 2736 1421 queam

400 1470 534 1531 prae
595 1446 931 1513 laboribus
986 1445 1189 1511 hiare.
1283 1443 1408 1509 Sed
1471 1450 1691 1509 tamen
1751 1448 2034 1527 propter·
2079 1441 2428 1522 Christum,
2494 1440 2738 1526 spretis

400 1552 697 1618 omnibus
742 1551 907 1632 aliis,
954 1550 1296 1635 operabor.

578 1656 761 1736 Quod
822 1662 889 1723 te
944 1656 1009 1720 in
1070 1661 1323 1721 tantum
1343 1702 1359 1735 ,
1430 1654 1598 1719 sicut
1661 1654 1920 1735 scribiS,
1979 1674 2099 1737 pro
2147 1674 2249 1719 me
2295 1652 2611 1733 obtulisti,
2659 1659 2737 1718 ut

400 1760 935 1847 promissionibus
1016 1760 1097 1825 de
1168 1781 1271 1825 me
1331 1759 1462 1825 tuis
1530 1759 1879 1843 inquisitor
1939 1758 2338 1843 acquieverit
2373 1759 2396 1797 ¹
2466 1780 2588 1825 nec
2649 1760 2738 1825 ad

406 1867 827 1933 cremandum
896 1864 1188 1931 libellum
1250 1871 1367 1931 aut
1410 1864 1496 1929 ad
1543 1865 1673 1930 mei
1717 1864 2120 1931 vocationem
2167 1865 2251 1931 ab
2298 1864 2516 1949 aliquo
2564 1886 2730 1949 prae-

404 1974 741 2058 cipitatum
790 1971 1004 2049 fuerit,
1053 1976 1229 2035 certe
1277 1971 1538 2054 utrique
1586 1970 1763 2054 parti
1807 1970 2058 2036 utiliter
2088 1970 2346 2053 gessisti
2375 1971 2738 2054 negocium.

400 2078 569 2143 Nam
624 2098 883 2156 revera,
953 2076 1205 2159 egregie
1270 2075 1530 2157 doctor,
1597 2076 1807 2141 anime
1856 2078 1974 2157 mi,
2039 2084 2153 2143 tuo
2210 2076 2390 2141 cordi
2459 2098 2540 2142 ex
2589 2098 2734 2142 meo

404 2183 599 2249 corde
662 2182 785 2247 hoc
854 2186 1176 2247 secretum
1220 2182 1464 2261 reve10,
1533 2183 1630 2247 ita
1691 2202 1794 2247 me
1858 2183 2396 2267 peritissimorum
2464 2182 2735 2269 consilio

406 2308 549 2353 esse
595 2287 953 2368 fundatum,
999 2287 1097 2353 ita
1142 2286 1504 2353 validorum
1553 2310 1674 2371 ope
1724 2286 2084 2368 suffultum,
2133 2293 2207 2353 ut
2251 2289 2458 2373 majus
2506 2288 2737 2354 adver-

404 2393 594 2459 sariis
643 2392 1098 2459 detrimentum
1158 2398 1225 2458 et
1284 2414 1503 2459 rerum
1553 2400 1620 2459 et
1665 2393 1854 2459 famae
1919 2400 2246 2477 surgeret,
2301 2415 2496 2479 quam
2557 2394 2734 2474 mihi,

405 2499 462 2563 si
510 2498 662 2583 quid
711 2504 953 2563 temere
1003 2504 1231 2565 contra
1288 2520 1389 2563 me
1435 2500 1836 2565 molirentur.
1928 2500 2064 2565 Nec
2116 2502 2270 2585 jura
2326 2500 2738 2584 pertimesce,

408 2604 525 2669 sed
568 2606 889 2689 injuriam,
938 2609 1153 2670 stante
1202 2604 1642 2671 declaratione
1689 2626 1836 2671 mea
1878 2607 1946 2671 in
1993 2605 2196 2671 latino
2245 2606 2439 2671 edita.
2521 2607 2736 2684 Quare

403 2716 539 2775 tam
585 2710 681 2775 tui
726 2710 840 2791 illi,
890 2731 1083 2794 quam
1132 2732 1250 2795 ego
1296 2710 1437 2795 ipse
1483 2711 1754 2777 meritas
1802 2712 1922 2777 tibi
1967 2713 2213 2795 gratias
2258 2732 2526 2796 agamus
2557 2718 2736 2779 recte

404 2814 642 2895 licebit,
688 2815 985 2899 utrisque
1032 2816 1201 2879 enim
1248 2816 1568 2900 profuisti.
1661 2816 1868 2882 Crede
1915 2818 2102 2898 mihi,
2164 2839 2291 2883 non
2352 2840 2492 2884 sum
2541 2818 2738 2885 desti-

404 2925 587 2985 tutus
664 2920 1266 3004 potentissimorum
1336 2922 1612 2988 auxiliis.
1721 2924 1850 2989 Sed
1931 2930 2150 2989 tamen
2215 2945 2339 3008 pro
2413 2924 2738 2990 modestia

402 3031 651 3091 naturae
716 3046 875 3091 meae
937 3026 1125 3109 cupio
1180 3047 1408 3110 pacem
1467 3027 1614 3111 plus
1671 3050 1866 3114 quam
1917 3030 2203 3114 gentium
2267 3035 2336 3095 et
2397 3030 2736 3095 nationum

407 3128 583 3193 bella
647 3129 745 3195 vel
802 3128 1255 3197 diffidationes.
1349 3134 1435 3198 Et
1495 3134 1664 3199 malo
1735 3156 1878 3200 esse
1939 3136 2006 3199 in
2065 3134 2233 3201 bona
2293 3135 2584 3201 amicitia
2641 3137 2736 3201 tui

406 3234 660 3317 collegii
704 3234 1033 3301 hominnm
1080 3237 1670 3305 eruditissimorum
1717 3262 1864 3306 cum
1910 3241 2144 3326 quibus
2190 3240 2466 3325 posthac
2513 3242 2736 3308 futura

406 3339 494 3404 sit
552 3339 710 3405 mihi
778 3340 970 3407 docta
1032 3350 1101 3407 et
1157 3344 1371 3409 suavis
1429 3346 1833 3412 conversatio
1913 3354 1980 3413 et
2047 3348 2262 3413 amica
2333 3346 2733 3428 fraternitas,

404 3466 601 3529 quam
648 3445 870 3511 litibus
917 3446 1073 3513 dare
1122 3470 1404 3533 operam.
1497 3450 1713 3517 Facile
1761 3452 1904 3517 rixa
1949 3452 2194 3533 oritur,
2256 3452 2370 3517 sed
2432 3451 2731 3519 difficiles

406 3548 607 3615 habet
652 3551 867 3617 exitus
894 3602 909 3632 ,
974 3553 1095 3618 hoc
1141 3575 1272 3619 non
1321 3561 1574 3621 tantum
1639 3578 1776 3641 eg0,
1840 3556 1956 3623 sed
2018 3558 2216 3623 etiam
2272 3580 2388 3625 vos
2444 3560 2730 3643 cogitare

405 3653 677 3721 debetis.

578 3762 762 3840 Quod
822 3762 949 3828 nisi
1006 3784 1182 3830 esses
1240 3766 1410 3832 alter
1475 3789 1618 3853 ege,
1682 3768 1820 3835 haec
1882 3768 1966 3835 ad
2026 3774 2094 3835 te
2173 3790 2301 3833 non
2361 3769 2730 3836 scriberem.

398 3866 566 3931 Nam
614 3888 805 3951 quem
872 3874 1121 3935 motum
1167 3870 1372 3938 cieret
1425 3874 1493 3939 in
1541 3874 1933 3941 militaribus
1981 3881 2118 3941 tam
2165 3873 2492 3941 nobilibus
2539 3898 2731 3961 quam

403 3970 715 4056 plebaeis‘?
773 3973 968 4039 etiam
1030 3976 1177 4041 istis
1233 3976 1606 4045 deloricatis
1669 3981 1936 4062 tuniciS,
1998 3986 2064 4046 et
2125 3980 2524 4047 cicatricosis
2584 3982 2732 4047 veli-

395 4077 589 4158 tibus,
652 4078 708 4143 si
755 4080 1223 4147 Demosthenes
1282 4084 1518 4171 aliquis
1585 4107 1800 4153 coram
1849 4092 2221 4171 exponeret,
2284 4109 2361 4152 ac
2407 4087 2727 4153 rhetorice

398 4182 851 4249 declamitaret
895 4183 1085 4271 hujus
1130 4190 1379 4272 negocii
1421 4193 1831 4279 principium,
1877 4193 2161 4259 medium
2209 4199 2276 4258 et
2317 4191 2545 4275 finem,
2594 4196 2725 4279 qui-

397 4285 517 4352 bus
563 4288 759 4355 fuerit
806 4288 1133 4374 ChristuS,
1196 4295 1433 4379 quibus
1495 4297 1691 4365 fuerit
1735 4300 1946 4366 fiscus.
2039 4299 2287 4370 Deinde
2333 4319 2547 4366 meam
2593 4305 2720 4375 tam

1559 4442 1597 4485 ηε

545 4529 568 4575 1
613 4526 897 4592 Aequierit.
928 4534 975 4579 2.
