2950 5042
1529 399 1662 466 364

402 591 680 680 lumnijs
718 599 729 668 Ι
769 590 1077 678 prostitui
1128 607 1287 658 uero
1334 593 1606 676 cognitis
1653 591 1914 657 tandem
1957 589 1968 678 Ι
2011 591 2192 658 falsis
2239 592 2620 660 criminibus
2677 592 2752 660 de

419 699 616 766 turba
671 705 740 764 ct
794 697 996 764 diuini
1034 705 1045 772 Ι
1090 702 1155 763 et
1218 697 1484 764 humani
1545 697 1765 782 iudicij
1827 697 2096 764 decreto
2156 695 2486 782 damuaita
2529 699 2756 764 trium-

418 803 651 890 phauit
722 804 957 889 diemq.
1018 802 1277 869 feliciss.
1330 801 1343 890 1
1396 803 1632 870 clausit
1699 808 2062 870 extremum
2125 803 2520 886 Stutgardiae
2568 802 2581 890 1
2649 804 2753 870 ubi

422 931 658 996 corpus
718 909 1003 976 melioris
1046 909 1199 974 uitae
1260 931 1375 993 spe
1430 910 1579 994 quie
1618 918 1628 984 Ι
1672 909 1814 976 scit.
1901 911 2020 974 An.
2079 916 2229 993 post
2283 910 2544 976 Christo
2609 917 2753 976 natu

422 1014 736 1083 MDXXII
785 1015 795 1094 Ι
848 1016 1016 1081 Men.
1073 1014 1222 1081 Jun.
1284 1015 1381 1082 Di.
1438 1016 1637 1082 XXX.
1701 1015 1876 1080 Vixit
1929 1035 2074 1080 ann.
2131 1014 2388 1082 LXVII.
2449 1015 2630 1082 Meas
2672 1016 2752 1083 IV

425 1121 507 1188 Di
553 1121 726 1188 VIII.
770 1117 781 1208 Ι

598 1230 710 1290 Die
741 1230 959 1291 andere
990 1231 1171 1290 lautct
1200 1230 1274 1310 (s.
1312 1229 1496 1304 408):

599 1345 666 1394 n·
670 1345 792 1392 rm
824 1325 967 1394 aba:
1013 1331 1473 1398 ANASTASIS
1519 1332 1715 1398 ANN.
1757 1330 1997 1418 1011st
2047 1329 2402 1417 M.1).1.1
2442 1331 2614 1400 SIBI
2664 1333 2752 1400 ET

424 1437 701 1508 POSTE.
713 1437 997 1505 RITATI
1028 1434 1540 1522 CAPNIO!NIAE
1575 1437 1958 1506 JOANNES
1988 1435 1996 1524 Ι
2023 1431 2460 1505 REVCHLIN
2493 1439 2744 1505 PHOR·

423 1544 740 1614 GENSIS.
790 1544 850 1609 S.
944 1542 1336 1628 Stutgardiae
1382 1542 1558 1628 apud
1604 1543 2084 1624 predicatores,
2145 1543 2261 1610 sed
2326 1549 2480 1628 post
2543 1565 2750 1610 eorum

422 1649 763 1738 perfidiam
825 1649 1004 1736 apud
1051 1650 1127 1714 Ι).
1176 1648 1516 1716 Leonardc
1571 1648 1637 1714 in
1701 1648 2013 1716 suburbio
2069 1669 2212 1715 cum
2277 1670 2480 1716 uxore
2533 1650 2756 1735 sepelit

424 1759 587 1823 Anu.
638 1756 953 1826 MDXXII
999 1757 1165 1822 Men.
1212 1756 1407 1822 Junio
1454 1755 1560 1822 dic
1607 1754 1806 1822 XXX.
1897 1754 2110 1820 Natus
2155 1759 2258 1820 est
2304 1755 2406 1822 Jo.
2448 1755 2756 1822 Rcuchlin

430 1868 619 1930 1455.
