2950 5042
1565 372 1699 439 212

445 559 612 642 una,
676 564 743 625 et
805 560 1181 647 religiosum
1238 560 1512 629 fratrem
1558 561 1879 631 Jacobum
1937 566 2018 632 de
2062 566 2493 634 Hochstraten
2512 616 2527 647 ,
2576 585 2741 633 sacrae

465 666 806 752 theologiae
869 672 936 734 et
1003 668 1252 734 ordinis
1322 671 1829 754 praedicatorum
1892 672 2335 757 professorem
2378 680 2443 740 et
2480 674 2537 739 in
2578 672 2738 738 certis

463 774 812 858 provinciis
845 774 1244 841 Germanicae
1277 775 1561 843 nationis
1591 776 1917 844 haereticae
1949 779 2295 864 pravitatis
2326 778 2739 865 inquisitorem,

464 880 764 964 partibus
828 901 908 947 ex
967 881 1209 963 altera,
1273 882 1354 948 de
1419 889 1489 949 et
1548 904 1747 969 super
1808 884 2095 969 quodam
2157 883 2411 966 libello,
2464 883 2746 969 speculum

466 986 726 1053 oculare
773 994 1166 1072 nuncupato,
1213 1009 1292 1053 ac
1337 1008 1456 1072 per
1502 988 1851 1073 praefatum
1897 990 2231 1057 dominum
2265 990 2606 1058 «Iohannem
2632 988 2751 1053 doo-

464 1097 674 1172 torem
708 1094 905 1176 edito,
951 1094 1138 1160 nobis
1172 1094 1534 1179 apostolica
1564 1096 1959 1163 auctoritate
1998 1098 2019 1136 ²
2052 1097 2432 1181 specialiter
2459 1094 2750 1163 commissa

465 1203 532 1263 et
577 1220 796 1265 coram
841 1199 1030 1268 nobis
1073 1200 1365 1269 indecisa
1407 1200 1755 1286 pendente,
1817 1201 1983 1269 bene
2028 1201 2228 1271 fuisse
2280 1208 2349 1271 et
2394 1223 2529 1271 esse
2570 1198 2749 1285 appel-

465 1306 674 1400 latum
721 1312 789 1373 et
833 1306 1101 1373 nulliter
1146 1328 1543 1392 processum.

641 1412 778 1479 Nec
822 1434 949 1479 non
995 1412 1286 1479 Libellum
1321 1414 1346 1453 ²
1406 1412 1685 1481 ocularis
1734 1413 1993 1499 Speculi
2038 1413 2442 1481 antedictum
2487 1433 2619 1479 cum
2656 1429 2748 1475 sua

467 1539 722 1585 annexa
769 1518 794 1558 ³
857 1517 1296 1585 declaratione
1359 1519 1428 1585 in
1484 1520 1649 1587 actis
1711 1540 1924 1587 causae
1995 1519 2365 1606 hujusmodi
2426 1519 2745 1593 deductum,

469 1646 615 1691 cum
677 1648 756 1692 ex
813 1624 1253 1692 declaratione
1319 1631 1386 1692 et
1454 1624 1792 1695 declarato
1850 1628 1938 1694 sit
1980 1648 2147 1695 unus
2194 1633 2263 1693 et
2302 1627 2479 1693 idem
2522 1624 2667 1691 liber
2702 1625 2751 1685 et

466 1732 566 1802 sui
609 1732 812 1818 ipsius
871 1732 1334 1812 declarativuS,
1399 1753 1441 1799 a
1494 1732 1771 1817 praefato
1832 1732 2091 1799 domino
2138 1732 2182 1799 J
2183 1732 2441 1799 ohanne
2488 1726 2751 1803 Reuchlin

465 1838 730 1905 doctore
779 1840 1214 1923 compilatum,
1261 1844 1335 1905 ut
1362 1838 1729 1924 praefertur,
1777 1846 1975 1924 atque
2009 1839 2276 1920 editum,
2324 1839 2407 1905 de
2440 1834 2751 1922 suspicione

465 1949 664 2029 atque
725 1946 1206 2011 insimulatione
1267 1945 1591 2012 haereticae
1654 1946 2003 2033 pravitatis
2078 1946 2357 2031 aliisque
2431 1938 2746 2011 criminibus

465 2050 590 2115 sibi
635 2072 755 2136 per
800 2050 1071 2117 fratrem
1114 2052 1157 2117 J
1159 2053 1436 2120 acobum
1492 2054 1899 2121 antedictum
1954 2052 2078 2117 hac
2132 2052 2200 2116 in
2255 2071 2462 2116 >causa
2503 2048 2749 2115 adversa-

463 2156 632 2223 rium
679 2178 760 2222 ex
803 2157 1075 2224 adverso
1121 2159 1549 2245 principalem
1596 2160 1937 2245 eidemque
1998 2158 2439 2238 adhaerentes,
2498 2150 2755 2225 indebite,

464 2263 813 2328 temerarie
877 2268 944 2329 et
991 2264 1228 2349 injuste
1253 2314 1269 2346 ,
1337 2266 1546 2331 tacita
1614 2267 1893 2332 veritate
1956 2264 2157 2331 fuisse
2206 2268 2273 2329 et
2318 2284 2465 2329 esse
2508 2263 2758 2327 notatum

463 2375 662 2455 atque
725 2368 1126 2436 diffamatum
1147 2420 1164 2451 ,
1223 2370 1483 2456 sibique
1540 2370 1731 2439 fratri
1789 2372 1833 2439 J
1833 2370 2038 2440 acobo
2100 2378 2168 2437 et
2215 2369 2431 2435 eidem
2478 2367 2762 2433 adhaeren-

461 2477 638 2544 tibus
684 2482 800 2543 aut
847 2490 968 2543 sua·
1011 2477 1338 2562 quoslibet
1367 2478 1395 2519 ⁴
1439 2478 1757 2545 interesse
1789 2478 2032 2545 habere
2063 2476 2469 2564 putantibus,
2518 2471 2765 2541 diffama-

459 2584 702 2649 tionem
740 2582 765 2623 ⁵
813 2590 881 2650 et
925 2584 1398 2650 incusationem
1441 2583 1661 2651 facere
1711 2591 1779 2651 et
1820 2584 2162 2670 publicare
2209 2582 2473 2652 minime
2528 2576 2767 2649 licuisse,

458 2712 670 2775 neque
715 2691 941 2770 licere,
997 2695 1067 2755 et
1127 2690 1372 2757 eisdem
1433 2691 1731 2758 omnibus
1778 2689 2181 2757 adversariis
2230 2694 2299 2754 et
2344 2686 2610 2771 singulis
2650 2678 2767 2747 aliis

459 2818 657 2882 super
723 2796 1077 2882 praemissis
1141 2804 1532 2882 perpetuum
1606 2796 1937 2891 silentium
2002 2793 2471 2881 imponendum
2515 2792 2648 2859 fore
2716 2786 2769 2849 et

461 2903 870 2989 imponimus.
1508 2910 1516 2924 ‘

640 3008 906 3075 Necnon
967 3009 1112 3095 pari
1177 3015 1404 3079 nostra
1473 3008 1809 3077 diffinitiva
1872 3009 2199 3077 sententia
2228 3004 2672 3089 ,decernimus
2722 2998 2774 3061 et

464 3113 871 3182 declaramus
925 3137 1122 3201 super
1182 3116 1585 3183 nominatum
1631 3114 1924 3183 libellum
1970 3138 2117 3181 cum
2164 3114 2302 3200 ejus
2358 3106 2771 3179 declaratione

463 3240 735 3302 annexa,
781 3226 858 3286 ut
901 3220 1266 3306 praefertur,
1312 3221 1557 3288 nullam
1602 3221 1901 3289 haeresim
1930 3228 2047 3288 aut
2078 3241 2262 3287 error
2277 3240 2382 3285 em
2414 3218 2500 3287 ab
2534 3209 2776 3283 ecclesia

463 3326 723 3411 publice
781 3326 1159 3394 damnatum
1217 3328 1563 3395 manifeste
1628 3348 1861 3413 sapere
1936 3333 2053 3393 aut
2116 3326 2487 3405 continere,
2543 3313 2773 3409 perfidis

461 3432 503 3497 J
505 3432 708 3499 udaeis
752 3454 882 3501 non
928 3432 1075 3519 plus
1119 3454 1316 3519 quam
1363 3434 1613 3515 deceat,
1660 3439 1775 3500 aut
1811 3433 1966 3520 jura
2010 3433 2428 3519 permittant,
2480 3418 2776 3495 favorabi-

461 3538 592 3605 lem
655 3537 822 3621 fore,
889 3545 1004 3606 aut
1061 3540 1350 3607 ecclesiae
1415 3537 1549 3621 dei,
1615 3560 1731 3606 seu
1800 3540 2005 3607 sacris
2070 3538 2361 3625 ejusdem
2420 3529 2772 3602 doctoribus

463 3666 676 3731 neque
717 3646 1102 3732 injuriosum
1163 3668 1375 3732 neque
1431 3646 1989 3714 irreverentialem
2036 3665 2213 3724 esse,
2260 3649 2329 3709 et
2373 3640 2459 3709 ab
2509 3634 2775 3705 omnibus

463 3752 676 3837 ipsum
723 3752 986 3819 oculare
1035 3753 1368 3837 speculum
1416 3775 1562 3819 cum
1612 3752 1755 3839 ejus
1802 3772 2055 3821 annexa
2101 3747 2565 3827 declaratione,
2611 3757 2777 3829 quam

461 3858 528 3923 in
575 3858 843 3943 singulis
889 3860 1298 3944 conjunctam
1346 3880 1494 3925 cum
1540 3856 1761 3927 libello
1808 3865 1877 3925 et
1920 3856 2271 3944 repetitam
2316 3874 2461 3920 esse
2491 3850 2777 3921 volumus,

459 3962 586 4049 legi
634 3970 702 4030 et
746 3964 1066 4049 publicari
1111 3984 1334 4051 posse,
1391 3962 1837 4035 diffamatione
1882 3966 1950 4031 in
1998 3961 2399 4031 contrarium
2443 3958 2534 4027 ab
2578 3953 2780 4024 adver-

463 4070 654 4140 sariis
702 4070 986 4139 deducta
1029 4091 1160 4140 non
1205 4070 1530 4141 obstante.

1601 4227 1643 4269 fl>

613 4345 636 4392 1
679 4338 978 4395 Autoritate
1015 4344 1100 4397 23.
1246 4344 1274 4393 2
1315 4338 1444 4393 Hier
1476 4338 1699 4410 beginnt
1725 4343 1783 4391 42
1820 4337 2259 4408 Pronunciamus,
2286 4332 2614 4391 decernimus
2638 4333 2686 4381 et
2706 4320 2777 4377 de·

466 4429 743 4494 claramus,
777 4429 1014 4483 libellum
1042 4468 1054 4483 .
1083 4468 1094 4483 .
1123 4468 1136 4485 .
1285 4432 1316 4481 3
1355 4430 1574 4483 Adnexa
1598 4430 1649 4484 5.
1797 4431 1831 4479 4
1869 4428 2118 4494 Quolibet
2156 4432 2187 4480 3
2226 4420 2621 4495 quomodolibet
2656 4420 2701 4468 2·
2733 4414 2775 4461 4-

469 4516 500 4564 5
539 4516 941 4570 Diffamationcs
979 4524 1075 4569 etc.
1117 4521 1165 4570 4.
1207 4518 1258 4571 5.
