2950 5042
1235 390 1365 459 113

178 584 335 663 Quod
374 586 437 647 et
478 602 595 667 ego
642 586 793 667 peto
840 602 919 649 ea
946 583 1279 663 instantia,
1324 601 1457 669 qua
1487 602 1768 667 possum.
1859 584 1946 651 Et
1973 606 2094 670 pro
2123 584 2456 655 laboribus

177 689 441 777 quicquid
482 688 749 775 petieris
795 688 1217 757 libentissime
1262 688 1453 757 dabo.
1545 688 1614 757 Si
1641 696 1864 757 autem
1893 712 1996 759 me
2028 690 2460 777 derelinquas,

175 798 453 863 neminem
510 796 647 861 scio
702 794 769 859 in
816 794 1199 861 Alemannis
1254 795 1367 879 qui
1411 816 1516 862 me
1553 796 1786 881 juvare
1831 802 2073 881 posset.
2163 798 2252 863 Et
2295 798 2468 867 forte

176 908 406 988 propter
462 900 584 967 hoc
650 921 813 985 opus
874 899 1185 967 infectum
1250 900 1678 986 permanebit.
1771 901 1976 987 Spero
2023 903 2238 985 etiam,
2284 912 2462 991 post-

175 1022 337 1092 quam
379 1007 809 1090 Hieronymus
855 1024 1001 1071 cum
1033 1026 1150 1073 suo
1182 1026 1415 1090 graeco
1448 1013 1516 1073 et
1543 1006 1832 1075 hebraeo
1863 1007 2062 1075 fuerit
2087 1009 2464 1095 impressus,

176 1115 313 1199 quod
354 1112 722 1179 rudimenta
766 1110 1055 1177 hebraea
1100 1110 1395 1197 pluribus
1440 1112 1806 1181 vendentur
1843 1113 1884 1179 ¹.
1976 1113 2138 1181 Vale
2167 1114 2464 1185 feliciter.

173 1220 248 1283 Ex
286 1218 527 1285 Basilea
578 1224 663 1283 27
713 1216 893 1285 Junii
944 1222 1136 1285 1509.

312 1327 633 1388 Gedruckt:
694 1332 725 1385 1
777 1346 867 1401 ²².
904 1326 966 1389 G.
1000 1344 1055 1387 v.
1096 1344 1151 1387 e.
1184 1342 1217 1389 e
1250 1329 1355 1402 8⁸;
1406 1331 1445 1389 2
1481 1348 1568 1383 =
1595 1328 1652 1389 J.
1685 1346 1740 1390 v.
1771 1344 1824 1389 e.
1857 1348 1896 1405 g
1933 1324 2006 1391 lb
2035 1346 2154 1407 sq.;
2203 1332 2242 1393 3
2277 1350 2362 1391 π
2393 1330 2460 1393 0.

177 1450 215 1493 v.
239 1450 279 1491 e.
304 1433 355 1492 11
382 1432 478 1494 fol.
515 1427 643 1493 38¹0
674 1448 765 1506 sq.

1231 1586 1362 1655 CX.

282 1694 616 1747 Ortobeuren.
1973 1698 2038 1748 23
2081 1694 2198 1749 Juli
2244 1698 2394 1749 1509.

190 1797 371 1873 Frater
412 1799 784 1875 Nicolaus
829 1796 1205 1898 Ellenbog
1251 1796 1305 1873 J
1307 1798 1534 1873 oanni
1577 1798 1942 1877 Reuchlin
1977 1800 2129 1877 LL.
2181 1800 2466 1878 doctori

1196 1919 1270 1997 S.
1325 1919 1397 1996 d.

312 2072 417 2137 Vir
479 2069 951 2137 humanissime
969 2118 985 2148 ‚
1048 2068 1297 2154 perlegi
1354 2069 1540 2135 annis
1607 2070 2052 2155 superioribus
2125 2090 2204 2139 ao
2257 2070 2462 2156 relegi

174 2194 329 2257 opera
378 2177 558 2243 docti
612 2174 901 2241 Platonis
963 2173 1149 2240 nobis
1206 2172 1520 2241 beneficio
1569 2174 1840 2241 Marsilii
1888 2176 2090 2243 Ficini
2135 2175 2462 2243 latinitate

174 2278 387 2347 donata.
478 2284 590 2348 Ex
646 2279 881 2365 quibus
934 2280 1293 2347 sententias
1350 2300 1516 2365 quae
1561 2278 1714 2345 fidei
1759 2286 2021 2347 nostrae
2067 2282 2214 2366 plus
2261 2282 2463 2349 adsti-

170 2385 355 2467 pulare
407 2386 810 2453 videbantur
874 2385 1169 2469 excerpsi
1231 2406 1528 2471 quaeque
1588 2385 1675 2451 ad
1751 2385 1916 2453 bene
1977 2385 2298 2472 beateque
2374 2388 2465 2453 vi-

170 2492 401 2557 vendum
461 2490 835 2559 conducere
892 2511 1144 2575 quoquo
1202 2490 1394 2557 modo
1450 2490 1841 2557 videbantur
1900 2512 2031 2577 qua
2085 2492 2270 2577 potui
2325 2491 2466 2557 dili-

169 2598 344 2677 gentia
388 2597 691 2683 congessi
723 2597 767 2663 θ’.
858 2597 1061 2675 Quum
1110 2602 1329 2663 autem
1360 2617 1439 2663 ea
1468 2617 1637 2663 nunc
1669 2596 1883 2663 omnia
1913 2617 2080 2681 quae
2125 2596 2466 2681 impresso-

1290 2725 1326 2764 *

168 2814 359 2880 stinique
392 2816 578 2880 libris,
630 2822 799 2867 totum
834 2832 893 2867 se
928 2820 1327 2883 comparaverat
1361 2814 1429 2867 ad
1464 2814 1873 2881 castigationem
1912 2814 2240 2866 voluminum
2273 2814 2462 2867 Hiero·

168 2905 307 2964 nymi,
341 2905 583 2971 undique
623 2904 939 2969 conquisitis
982 2903 1354 2955 vetustissimis
1398 2901 1808 2969 exemplaribus,
1859 2910 1912 2953 et
1951 2902 2122 2953 doctis
2165 2902 2296 2955 viris
2341 2918 2464 2954 con-

169 2987 304 3040 ductis
350 2994 440 3058 qui
486 2996 706 3045 Graecas
754 2991 1014 3043 dictiones
1065 2992 1266 3058 passim
1313 2990 1672 3042 restituerent:
1725 2990 1787 3040 de
1839 3006 2058 3055 qnorum
2102 3006 2318 3042 numero
2363 2990 2466 3041 snit

168 3076 367 3131 Joannes
391 3080 730 3132 Reuchlinus
756 3080 1166 3131 Jureconsnltus
1194 3080 1286 3145 qui
1310 3096 1339 3131 e
1363 3078 1579 3130 Lexicis
1604 3092 1804 3129 vacuas
1828 3076 2045 3129 lacunas
2077 3078 2280 3146 replere
2311 3095 2466 3130 cona·

169 3163 301 3230 batur,
336 3170 420 3219 cni
447 3170 722 3221 successit
758 3168 1029 3219 felicior
1068 3170 1358 3233 castigator
1380 3167 1619 3218 Joannes
1648 3166 1793 3219 Cono
1823 3168 2282 3233 Norimbergensis
2314 3169 2466 3219 insti·

169 3256 242 3303 tuti
273 3255 640 3320 Dominicani,
686 3258 802 3321 qui,
840 3256 1171 3307 meliorem
1216 3254 1385 3305 viam
1425 3260 1746 3317 secutus,
1785 3270 1812 3305 e
1847 3256 2088 3322 vestigiis
2129 3256 2465 3321 antiquorum

170 3342 367 3395 codicum
392 3361 457 3396 ea
486 3360 609 3410 quae
632 3344 718 3394 vel
744 3344 963 3395 deerant
996 3343 1083 3395 vel
1120 3348 1267 3395 erant
1303 3342 1594 3409 depravata
1631 3342 1907 3410 diligenter
1931 3344 2220 3409 reponebat
2246 3360 2342 3393 vor
2365 3342 2465 3393 den

175 3428 271 3495 Opp.
295 3434 505 3484 Erasini
529 3432 610 3483 ed.
636 3431 807 3498 Lugd.
832 3433 947 3482 Bet.
973 3432 1018 3481 1.
1069 3430 1324 3497 Dagegen
1358 3430 1562 3497 spricht
1587 3430 1836 3481 Erasmus
1861 3433 1915 3481 in
1944 3431 2035 3482 der
2060 3430 2330 3496 widmung
2373 3429 2466 3480 des

176 3514 497 3586 Hieronymus
532 3536 598 3571 an
624 3520 733 3571 Leo
759 3519 808 3569 X
834 3520 929 3585 (28
965 3518 1116 3585 April
1146 3520 1303 3585 1615)
1336 3518 1475 3570 auch
1507 3518 1658 3570 nicht
1695 3518 1794 3570 den
1829 3518 2080 3570 leisesten
2117 3517 2258 3569 tadei
2295 3530 2467 3582 gegen

177 3602 239 3653 ihu
266 3624 383 3671 aus,
418 3607 656 3660 sondern
692 3606 869 3658 riihmt
901 3606 994 3657 ibn
1028 3607 1327 3672 ungemein.
1395 3605 1626 3657 Freilieh
1662 3606 1796 3657 lasst
1833 3622 1888 3656 er
1923 3604 2080 3671 (Opp⁴
2107 3605 2186 3655 111
2209 3604 2312 3655 col.
2345 3604 2466 3668 154)

183 3694 277 3743 auch
315 3696 461 3747 Cono
507 3694 896 3761 gerechtigkeit
942 3708 1009 3745 zu
1058 3693 1191 3745 theil
1238 3692 1474 3745 werden:
1523 3693 1704 3759 Neque
1753 3710 1936 3760 parum
1987 3690 2167 3743 attulit
2215 3688 2467 3741 momenti

182 3776 323 3832 Conon
360 3783 847 3849 Nurenbergensis‚
884 3780 1193 3846 Theologus
1226 3796 1295 3832 ex
1331 3780 1574 3831 instituto
1613 3780 1800 3833 horum
1837 3796 1970 3844 quos
2007 3778 2172 3843 vulgo
2212 3774 2468 3827 Prodico.-

176 3870 284 3919 tores
306 3877 521 3935 vocant,
556 3872 639 3922 vir
662 3876 720 3922 ut
745 3870 941 3921 Graecae
977 3869 1259 3921 literaturae
1284 3868 1730 3930 callentissimus,
1766 3868 1840 3917 ita
1873 3868 1927 3917 in
1963 3864 2277 3930 adimendis
2309 3863 2466 3915 bonis

175 3950 309 4007 literis
332 3958 665 4025 infatigabili
688 3956 911 4023 quadem
947 3955 1244 4022 diligentia.
1293 3954 1596 4021 Leontorio]
1625 3972 1667 4006 s.
1694 3972 1743 4006 o.
1772 3959 1798 4004 7
1830 3956 1976 4005 Mlirz
2008 3947 2162 4005 1489.
2237 3952 2347 4001 Aus
2373 3966 2470 4001 un·

176 4053 288 4093 seret
320 4046 473 4097 stelle
512 4045 604 4097 hat
646 4045 819 4096 Oekar
844 4046 1013 4095 Hase:
1052 4043 1137 4094 die
1164 4042 1437 4109 Coburger
1471 4041 1838 4095 buchhitndler
1863 4040 2063 4091 familie
2101 4056 2166 4091 zu
2195 4038 2470 4104 Niirnberg

177 4141 211 4178 s.
232 4133 288 4183 30
312 4150 353 4183 a.
381 4140 412 4185 4
440 4133 811 4201 geschlossen,
849 4132 971 4183 dass
994 4131 1057 4183 L.
1083 4130 1381 4181 Amerbach
1406 4130 1508 4182 den
1534 4129 1802 4196 gelehrten
1827 4128 2134 4195 gegeniiber
2160 4134 2374 4179 vertrst.

296 4225 320 4269 1
347 4222 469 4289 Vgl.
509 4222 684 4273 hiefiir
720 4220 830 4271 und
867 4221 951 4270 fiir
987 4218 1081 4269 das
1107 4234 1275 4286 ganzo
1305 4219 1626 4271 verbaltniss
1661 4216 1926 4267 zwischen
1951 4215 2254 4266 Amerbach
2279 4213 2388 4265 und
2411 4213 2472 4264 R.

177 4310 315 4355 unten
339 4324 446 4360 nro.
474 4309 697 4361 CXXIII
723 4307 796 4374 fg.
906 4310 933 4357 2
963 4307 1151 4357 Dieses
1177 4306 1333 4369 buch,
1373 4305 1466 4357 das
1493 4306 1716 4373 epitome
1745 4304 2100 4366 Platonicum,
2125 4302 2270 4353 batte
2295 4303 2358 4353 E.
2385 4301 2474 4352 be·

177 4394 281 4443 reita
322 4398 447 4449 1505
484 4397 775 4460 vollendet3
825 4395 964 4447 nach
1004 4394 1265 4447 Reucblin
1314 4394 1570 4445 erhielten
1619 4408 1673 4443 es
1711 4390 1925 4452 andere,
1975 4390 2300 4441 nannentlich
2340 4392 2470 4439 Peu-

178 4477 343 4547 tinger,
379 4501 467 4537 zur
503 4484 809 4539 durchsicbt
847 4485 951 4535 und
988 4484 1387 4547 verbesserung.
1472 4482 1604 4531 1516
1643 4478 1800 4531 sollte
1838 4478 1934 4529 mit
1967 4476 2085 4527 dem
2125 4478 2293 4529 druck
2331 4482 2474 4527 ernst

228 4593 495 4651 sommia
2018 4568 2058 4631 8
