2950 5042
1551 382 1678 450 122

451 571 755 653 formam,
804 577 978 639 esset
1021 576 1239 638 tamen
1294 571 1644 639 admodum
1689 596 1952 643 necesse
2008 580 2148 641 tum
2194 581 2459 663 propter
2503 596 2746 666 graecam

450 685 591 746 tum
646 677 845 744 etiam
904 678 1279 745 hebraicam
1346 678 1876 764 chaldaicamque
1951 680 2236 765 linguam
2317 682 2458 748 aliis
2517 702 2745 767 quoque

450 784 806 866 abundare,
877 784 1069 872 quod,
1142 784 1447 865 arbitror,
1507 784 1649 851 fieri
1716 793 1956 871 posset,
2026 788 2082 852 si
2149 787 2323 872 apud
2389 793 2456 853 te
2500 787 2747 853 Basileae

452 912 683 973 essem,
728 892 843 958 ubi
887 891 1251 976 praesertim
1298 912 1554 957 sacram
1599 894 1992 977 scripturam
2037 892 2262 959 Graece
2309 892 2536 959 melius
2565 892 2750 975 copio-

454 998 714 1083 siusque
759 997 1136 1065 invenirem.
1224 997 1413 1063 Unde
1443 998 1601 1065 mihi
1629 999 1854 1081 ingens
1884 997 2152 1063 incessit
2184 982 2504 1083 cupiditas
2535 998 2753 1063 visendi

456 1104 573 1183 tui,
604 1103 799 1189 idque
832 1124 977 1168 cum
1010 1102 1177 1187 Cyro
1210 1101 1432 1169 ducali
1463 1103 1805 1169 tabellario
1842 1106 1862 1143 ¹
1893 1104 2110 1171 verbis
2143 1104 2615 1183 communicavi,
2657 1102 2754 1169 sed

454 1208 695 1277 accidit
737 1208 1076 1274 infirmitas
1112 1209 1136 1245 ²
1181 1208 1489 1275 ictericiae
1536 1208 1882 1289 hactenuS,
1931 1231 2074 1294 quae
2131 1214 2382 1290 tamen,
2411 1215 2520 1281 ,ut
2571 1230 2753 1294 spere,

455 1316 680 1383 functa
696 1320 798 1382 est
824 1314 1047 1394 offici0,
1068 1320 1298 1379 taxans
1316 1336 1417 1379 me
1434 1315 1520 1381 ad
1543 1314 1795 1381 futuras
1815 1316 2122 1383 thermas.
2172 1316 2337 1395 Quid
2357 1314 2614 1381 multis?
2629 1335 2757 1397 ape-

449 1422 551 1489 rio
569 1420 693 1487 tibi
710 1421 995 1486 animum
1024 1442 1259 1500 meum,
1300 1442 1492 1505 quem
1513 1426 1708 1487 antea
1737 1422 2106 1505 cognovisti.
2183 1422 2337 1502 Scis,
2385 1443 2489 1487 me
2523 1420 2755 1491 anxium

450 1532 721 1613 propter
752 1532 1080 1611 erogatam
1110 1526 1486 1611 impressori
1513 1526 1538 1565 ³
1569 1549 1712 1593 meo
1743 1528 2102 1613 pecuniam.
2165 1528 2306 1608 Qua
2333 1529 2399 1594 in
2431 1549 2504 1593 re
2538 1533 2600 1593 te
2627 1532 2755 1611 peto

451 1654 681 1716 curare
726 1633 1220 1699 indemnitatem
1253 1654 1484 1713 meam,
1534 1655 1682 1699 nam
1715 1635 1898 1699 lucra
1927 1656 2055 1701 non
2101 1641 2274 1719 peto.
2370 1634 2549 1716 Rogo
2592 1632 2756 1716 igitur

449 1746 631 1805 tuam
666 1760 821 1823 erga
850 1760 953 1805 me
984 1738 1470 1819 humanitatem,
1503 1746 1578 1805 ut
1594 1740 1694 1805 vel
1713 1761 1890 1805 emas
1921 1739 2017 1805 vel
2041 1740 2280 1805 vendas
2299 1747 2559 1824 partem
2577 1758 2756 1802 meam

448 1865 569 1930 pro
600 1843 739 1910 sola
770 1844 1096 1928 aequitate,
1147 1850 1223 1909 ut
1265 1845 1518 1928 possint
1574 1852 1640 1911 et
1695 1852 2019 1930 emptores
2065 1846 2306 1911 lucrari
2351 1852 2420 1910 et
2467 1866 2582 1929 ego
2627 1841 2756 1909 nihil

449 1949 743 2036 perdere.
808 1949 990 2014 Libri
1009 1949 1556 2016 fueruntnumero
1596 1957 1784 2017 1500.
1849 1950 2081 2017 Nescio
2116 1951 2269 2035 quid
2303 1951 2608 2035 supersit.
2657 1947 2751 2013 Sed

450 2054 759 2140 quicquid
800 2056 941 2135 erit,
988 2056 1207 2139 accipe
1255 2077 1295 2121 a
1325 2078 1427 2122 me
1464 2062 1600 2122 tres
1630 2056 1832 2123 libros
1863 2078 1982 2141 pro
2015 2079 2141 2122 uno
2173 2056 2447 2137 floreno;
2497 2062 2566 2123 et
2595 2053 2753 2121 credo

452 2160 610 2227 mihi
667 2160 881 2227 adhuc
940 2168 1306 2246 competere
1380 2168 1506 2228 700
1568 2162 1773 2228 libros
1838 2162 1918 2227 de
1980 2162 2365 2227 rudimentis
2427 2160 2755 2227 Hebraicis.

452 2267 591 2333 Ista
636 2272 805 2347 sunt,
851 2288 995 2353 quae
1026 2289 1127 2333 me
1160 2268 1445 2349 turbant,
1494 2268 1804 2349 fractura,
1855 2270 1909 2333 si
1940 2268 2104 2353 phas
2151 2274 2250 2333 est
2297 2268 2538 2347 dicere,
2583 2265 2755 2331 fideli-

453 2372 613 2438 tatis
663 2378 732 2439 et
768 2374 1030 2457 jactura
1073 2374 1462 2459 patrimonii,
1513 2395 1552 2439 a
1600 2374 1834 2458 quibus
1883 2374 1937 2438 si
1982 2396 2101 2459 per
2145 2380 2210 2439 te
2274 2372 2631 2451 liberabor,
2685 2368 2758 2435 fa-

456 2478 622 2543 ciam
676 2480 836 2544 satis
889 2479 1209 2546 voluntati
1245 2486 1393 2545 'tuae
1438 2501 1594 2545 -meo
1651 2480 1978 2565 impendio
2037 2486 2104 2545 et
2153 2480 2290 2544 sine
2354 2485 2470 2544 tuo
2532 2478 2758 2543 damac.

457 2584 855 2670 Veniamque
904 2586 990 2651 ad
1036 2591 1101 2653 te
1164 2596 1227 2652 et
1270 2585 1542 2651 Basileae
1599 2587 1786 2651 stabo
1837 2585 2202 2670 sumptibus
2249 2583 2431 2665 meis,
2479 2605 2605 2650 non
2636 2583 2759 2660 tuis

452 2690 926 2777 illustraboque
985 2692 1047 2757 S.
1102 2693 1570 2777 Hieronymum
1627 2692 1804 2757 nulla
1863 2698 1960 2762 tui
2019 2690 2318 2755 mercede
2364 2691 2528 2758 mihi
2573 2686 2761 2754 danda

456 2796 911 2879 illustratione,
959 2819 1089 2883 qua
1130 2819 1455 2883 nunquam
1507 2818 1547 2863 a
1595 2804 1885 2883 tempore
1933 2799 2079 2863 vitae
2111 2818 2242 2862 suae
2274 2796 2622 2862 claruerat.
2708 2791 2762 2857 Si

452 2923 604 2969 vero
650 2902 915 2970 deseras
960 2925 1063 2969 me
1108 2905 1176 2968 in
1221 2905 1349 2971 ista
1396 2902 1671 2989 perfidia
1717 2906 2196 2988 impressorum,
2242 2922 2371 2967 non
2406 2903 2614 2967 solum
2643 2898 2763 2976 tibi,

452 3009 570 3075 sed
630 3008 924 3075 omnibus
984 3010 1379 3094 optimarum·
1428 3010 1781 3076 literarum·
1821 3008 2127 3075 studiosis
2177 3007 2559 3073 damnorum
2606 3024 2764 3073 occa-

452 3115 547 3180 sio
580 3115 726 3180 eris.
786 3115 946 3181 Juro
968 3116 1138 3180 enim
1168 3116 1305 3196 tibi,
1347 3117 1522 3200 quod
1553 3116 1864 3201 deceptus
1898 3136 2014 3198 ego
2045 3114 2352 3179 resistere
2383 3133 2510 3177 non
2545 3112 2764 3197 possim

453 3220 617 3304 quin.
654 3240 756 3285 me
793 3220 1037 3286 taedeat
1080 3222 1326 3305 aliquid
1372 3222 1658 3287 scribere
1705 3244 1822 3287 seu
1869 3222 2080 3300 edere,
2129 3219 2302 3303 quod
2350 3219 2438 3283 sit
2483 3224 2628 3283 arte
2671 3218 2765 3281 im-

451 3326 780 3411 pressoria
826 3326 1107 3409 dignum,
1156 3328 1449 3412 quamvis
1483 3328 1682 3393 sciam
1711 3330 1962 3394 senium
1993 3348 2211 3391 meum
2242 3326 2766 3409 appropinquare,

452 3454 572 3498 nec
605 3453 747 3498 esse
780 3453 949 3497 nunc
981 3431 1047 3499 in
1078 3434 1295 3518 patria
1326 3434 1706 3514 Germaniae,
1740 3434 1852 3519 qui
1883 3434 1962 3497 de
1995 3433 2310 3498 varietate
2345 3431 2765 3496 doctrinarum

452 3560 705 3605 mecum
764 3540 971 3624 possit
1032 3544 1305 3605 certare.
1402 3540 1814 3625 Scripturum
1873 3540 2064 3624 plura
2124 3538 2355 3602 charta
2399 3558 2504 3603 me
2551 3533 2762 3601 deficit.

450 3644 614 3711 Vale
671 3644 976 3727 feliciter,
1054 3644 1471 3712 dilectissime
1531 3644 1995 3729 Amorbacchie
2042 3646 2087 3708 4.
2189 3644 2288 3708 Ex
2345 3643 2675 3733 Tiibingen
2735 3643 2763 3703 7

452 3750 784 3819 Kalendas
832 3752 1074 3836 apriles
1122 3773 1289 3817 anno
1343 3758 1535 3817 1510.

1436 3860 1540 3925 Jo.
1589 3858 1899 3927 Reuchlin
1947 3856 2330 3923 Phorcensis
2377 3857 2504 3921 LL.
2555 3856 2688 3920 doc.

626 3969 832 4028 Basler
862 3969 1366 4029 universitatsbibl.
1402 3969 1712 4029 handschr.
1751 3968 1802 4026 Gr
1832 3970 1887 4027 ΙΙ
1925 3970 2039 4027 13³
2073 3983 2195 4025 nr0.
2239 3969 2314 4025 61
2353 3963 2687 4039 autograph.

1606 4142 1641 4181 »ιε

601 4254 623 4300 1
666 4248 824 4316 Cyro]
852 4266 893 4299 S.
921 4265 969 4302 0.
998 4250 1065 4299 26
1100 4250 1220 4299 Jan.
1258 4252 1389 4301 150⁷
1428 4262 1540 4300 nm.
1569 4248 1908 4299 LXXXXVI.
2031 4251 2060 4296 2
2099 4244 2402 4313 infirmitas]
2443 4244 2550 4309 vgl.
2579 4238 2763 4291 Reuch-

451 4336 528 4386 lin
566 4352 609 4388 s.
648 4339 715 4389 50
754 4337 861 4388 und
900 4338 1032 4389 oben
1072 4354 1184 4389 nro,
1224 4338 1383 4390 CXII.
1523 4342 1552 4388 3
1594 4336 1762 4403 impr.]
1801 4334 2070 4398 Anshelm,
2110 4349 2290 4400 weg-en
2329 4334 2420 4382 des
2458 4330 2650 4382 drucks
2686 4326 2764 4375 dev

450 4424 659 4476 Budim.
697 4425 844 4477 hebr.
990 4431 1022 4475 4
1060 4430 1119 4477 In
1157 4426 1542 4477 Amorbacchie
1587 4427 1676 4475 hat
1716 4426 1777 4476 R.
1827 4441 1906 4477 am
1957 4424 2151 4474 letzten
2199 4422 2524 4472 buohstaben
2575 4419 2761 4468 herum-

452 4513 746 4581 corrigicrt,
786 4514 919 4576 doch
958 4515 1095 4580 sicht,
1132 4532 1187 4581 es
1222 4516 1371 4578 nicht
1404 4530 1463 4567 so
1504 4530 1613 4584 aus,
1653 4514 1731 4565 als
1769 4515 1836 4571 ob
1877 4530 1933 4569 er
1969 4514 2060 4568 ihu
2097 4529 2234 4585 ganz
2271 4512 2462 4587 getilgt
2494 4510 2650 4568 batte.
