2950 5042
1341 397 1481 472 219

239 590 308 653 et
347 584 822 673 promiserunt,
877 586 1216 673 optimam·
1247 608 1430 673 spem
1475 588 1892 673 persuadere,
1954 589 2013 657 si
2054 607 2189 675 que.
2228 588 2301 657 in
2344 608 2419 657 re
2464 610 2579 657 nn-

235 712 434 779 qusm
487 692 652 759 mihi
711 693 1218 763 adversarentur
1277 693 1436 761 meli
1494 701 1763 767 eventus
1778 745 1794 776 ‚
1840 701 1917 765 ut
1958 702 2060 763 est
2102 696 2171 763 in
2216 694 2413 765 rebus
2456 694 2575 763 hu·

239 797 454 865 manis
487 798 800 885 frequens
831 820 1040 881 casus,
1065 799 1246 886 quod
1275 800 1365 867 sd
1395 821 1507 869 eos
1536 822 1655 885 ego
1686 823 1821 887 prae
1852 802 2107 873 caeteris
2134 800 2421 871 omnium
2450 801 2580 885 pri-

237 924 416 973 mum
447 904 798 990 confugere
821 926 1098 991 possem.
1133 905 1262 975 Sed
1285 904 1434 987 heu,
1457 906 1809 991 plurimum
1832 928 1913 975 es
1942 924 2043 975 me
2074 906 2307 975 fefellit
2340 906 2574 992 opinio.

411 1009 588 1087 ,Cum
647 1012 820 1079 enim
862 1010 1173 1082 mandato
1221 1011 1499 1083 Caesaris
1560 1018 1629 1079 et
1686 1018 1927 1083 nostrae
1972 1012 2320 1098 provinciae
2366 1012 2577 1081 arohi-

241 1114 534 1201 episcopi
577 1117 982 1202 Monguntini
1025 1117 1292 1185 fuissem
1337 1124 1622 1200 coactus,
1670 1118 2035 1203 opinionem
2081 1135 2293 1187 meam
2336 1118 2419 1187 de
2464 1120 2507 1187 J
2508 1142 2579 1187 u·-

235 1222 530 1291 daeorum
600 1223 788 1291 libris
867 1224 1356 1293 concremandis
1427 1224 1497 1291 in
1574 1225 1839 1293 modum
1918 1224 2173 1293 consilii
2232 1226 2578 1293 camerarii

237 1330 532 1397 clausam
587 1336 656 1395 et
713 1330 1120 1414 obsignatam
1173 1330 1262 1397 ad
1315 1348 1547 1397 manus
1604 1350 1827 1399 eorum
1892 1348 2174 1416 propere
2220 1337 2290 1397 et
2326 1330 2577 1416 absque

237 1456 424 1501 mora
469 1436 915 1503 transmittere
930 1486 946 1517 ,
1005 1458 1137 1503 non
1191 1434 1485 1503 dubitavi
1540 1436 1743 1505 ullum
1792 1436 2151 1503 subsistere
2197 1436 2576 1521 perieulum,

233 1548 312 1609 ut
355 1546 462 1607 est
501 1541 568 1607 in
599 1541 971 1623 Proverbio,
1017 1562 1163 1611 cum
1196 1541 1382 1609 bonis
1413 1542 1579 1609 bene
1610 1542 1789 1625 agier
1824 1543 1866 1604 ¹.
1962 1542 2089 1609 Sed
2118 1542 2311 1611 homo
2342 1562 2567 1609 amens

239 1654 304 1715 et
345 1646 672 1735 perditus,
719 1646 1126 1733 semijudaeus
1173 1646 1440 1733 quidam
1486 1646 1891 1715 Coloniensis
1910 1696 1927 1729 ‚
1973 1648 2247 1717 latinam
2292 1648 2577 1734 linguam

233 1774 510 1841 prorsus
554 1753 892 1838 ignorans,
955 1760 1023 1821 et
1070 1752 1407 1839 judaicam
1448 1752 1803 1837 incongrue
1844 1754 2275 1839 imperiteque
2322 1760 2577 1836 tenens,

238 1866 308 1929 ut
339 1860 367 1901 ²
411 1864 602 1948 patet
647 1880 728 1963 οξ
774 1880 894 1927 sue.
935 1859 1483 1944 interpretatione
1528 1858 1618 1927 ab
1662 1858 1951 1927 Adriano
1994 1860 2285 1943 Hispano
2314 1860 2340 1901 ⁸
2390 1862 2573 1945 juste

245 1966 661 2051 reprehensa,
709 1984 908 2049 quem
952 1965 1052 2035 his
1095 1965 1306 2033 literis
1351 1964 1633 2049 alligavi,
1694 1964 1977 2049 maligna
2022 1972 2253 2033 contra
2298 1986 2401 2033 me
2444 1986 2580 2033 mn-

235 2072 615 2141 chinatione
675 2072 1011 2139 consilinm
1071 2092 1308 2152 meum,
1365 2093 1495 2157 quo
1548 2070 1803 2155 ingenio
1850 2070 2130 2157 adeptus·
2176 2076 2353 2139 certe
2400 2071 2578 2141 Deus

237 2180 440 2261 novit,
507 2199 656 2245 cum
701 2177 772 2244 id
827 2177 1116 2245 Arnoldo
1185 2177 1440 2246 cuidam
1504 2176 1585 2243 de
1640 2176 1921 2260 Tunger-i
1963 2176 1991 2215 ⁴
2050 2182 2119 2242 et
2182 2176 2577 2262 quibusdem

243 2286 408 2355 aliis.
454 2282 994 2369 praedicatoribus
1053 2283 1374 2369 theologis
1419 2282 1703 2351 Coloniae
1762 2282 2185 2367 patefecisset
2254 2289 2350 2349 et·
2380 2302 2581 2369 super

236 2391 468 2461 eodem
502 2389 527 2429 ⁵
595 2390 862 2475 adjutus
907 2389 1202 2459 libellum
1263 2394 1497 2457 contra
1548 2406 1651 2460 me
1698 2387 2017 2455 famosum
2064 2388 2407 2470 edidisset,
2450 2410 2579 2456 non

235 2497 464 2565 statim
511 2495 606 2563 illi
651 2495 911 2565 easdem
947 2495 1284 2563 chartulas
1313 2495 1597 2563 famosas
1629 2500 2081 2579 corruperunt,
2124 2494 2227 2561 vel
2270 2494 2403 2579 igni
2432 2516 2581 2563 con·

235 2608 676 2687 sumpserunt,
721 2608 798 2667 ut
841 2602 950 2669 lex
992 2601 1313 2686 praecipit,
1355 2600 1473 2669 sed
1518 2606 1588 2667 et
1631 2600 1833 2667 iidem
1876 2601 2003 2684 ipsi
2048 2600 2331 2667 alterum
2376 2622 2551 2685 quen

235 2709 387 2777 dem
447 2707 744 2776 libellum
804 2708 1126 2777 famosum
1193 2707 1309 2793 qui
1384 2706 1642 2791 incipit:
1715 2706 1989 2773 Articuli
2050 2704 2398 2773 adversum
2474 2727 2581 2775 mo

235 2820 776 2900 composuerunt,
835 2820 900 2883 et
956 2814 1346 2899 impressum
1401 2813 1825 2897 publicarunt
1880 2834 2071 2897 quem
2124 2814 2263 2897 jam
2322 2832 2579 2897 quoque

235 2922 322 2989 ad
389 2943 506 2989 vos
566 2921 774 2987 mitto.
865 2920 1156 2999 Quorum
1185 2923 1340 2985 tunc
1384 2919 1731 3005 inquisitor
1777 2918 2023 2985 ordinis
2054 2918 2577 3003 praedicatorum,

238 3049 428 3110 nunc,
476 3033 552 3094 ut
595 3027 736 3111 ipse
783 3026 895 3106 ait,
943 3026 1216 3107 deletor,
1264 3026 1551 3094 decanus
1596 3032 1759 3095 erat.

414 3134 771 3218 Postquam
835 3138 1055 3197 autem
1113 3138 1254 3199 toto
1321 3131 1582 3199 biennio
1625 3130 1907 3217 publicis
1952 3130 2351 3199 famosarum
2398 3129 2581 3197 sche-

241 3239 546 3307 dularum
589 3238 998 3306 affixionibus
1043 3259 1146 3305 me
1215 3237 1531 3307 acerrime
1592 3243 1823 3305 contra
1883 3238 1993 3323 jus
2040 3243 2107 3303 et
2151 3236 2315 3321 phas
2362 3258 2581 3321 perse-

238 3347 426 3431 quuti
473 3351 654 3425 sunt,
719 3349 1056 3429 coeperunt
1100 3344 1366 3411 tandem
1411 3343 1533 3411 sub
1580 3344 1813 3415 colore.
1836 3343 2119 3429 justiciae
2162 3362 2417 3410 mecum
2462 3364 2585 3426 per

239 3474 390 3519 suos
455 3451 780 3519 haereticae
847 3450 1190 3535 pravitatis
1231 3449 1655 3536 inquisitores
1694 3450 1763 3515 in
1818 3448 2071 3534 judicio
2121 3448 2287 3515 velle
2316 3448 2339 3489 ⁶
2386 3467 2584 3532 agere.

243 3556 420 3642 qnod
485 3560 706 3623 tamen
765 3556 1193 3623 instituerunt
1231 3554 1327 3622 ite.
1369 3554 1619 3623 nefarie
1667 3561 1737 3623 et
1780 3555 1919 3621 sine
1966 3554 2430 3621 denunciat-ore
2477 3553 2582 3621 vel

239 3668 624 3731 accusatore
660 3662 682 3700 ⁷
711 3708 727 3741 ,
791 3667 868 3727 ut
923 3661 1282 3746 appellanti
1343 3661 1502 3728 mihi
1546 3666 1684 3729 tam
1730 3660 1817 3727 ab
1859 3659 2244 3745 inquisitore·
2290 3679 2486 3743 quam
2530 3680 2575 3725 a

241 3768 702 3837 commissariis
765 3767 1080 3835 ordinarii
1104 3766 1130 3805 ⁸
1176 3768 1262 3835 ad
1309 3766 1544 3835 Sedem
1590 3766 2033 3853 apostolicam,
2082 3778 2367 3831 summus
2414 3765 2579 3830 Pon-

241 3874 430 3957 tifex,
481 3873 769 3941 sentiens
816 3873 1226 3959 iniquitatem
1270 3872 1672 3958 inquisitoris
1736 3870 2455 3954 commissariorumque
2502 3890 2581 3935 ac

1413 4009 1452 4049 ιιι

386 4092 411 4138 1
453 4088 626 4153 Agere
663 4089 712 4135 3.
859 4089 887 4135 2
932 4084 1086 4149 Quod
1140 4086 1228 4135 fiir
1275 4091 1338 4137 ut
1381 4090 1429 4135 2.
1469 4088 1519 4137 3.
1666 4088 1697 4137 3
1736 4084 1971 4137 Adriano
2006 4084 2263 4151 Hispano]
2312 4082 2583 4135 Mattheus

243 4176 510 4229 Adrianus
545 4191 590 4227 s.
629 4174 764 4227 oben
812 4190 926 4227 nro·
966 4174 1222 4227 CXXXV.
1295 4175 1403 4225 Zur
1449 4173 1738 4241 erklarung
1760 4210 1763 4219 .
1782 4172 1871 4225 der
1907 4172 2023 4225 hier
2057 4188 2163 4223 von
2201 4170 2459 4225 Reuchlin
2494 4188 2583 4237 ge-

241 4264 528 4318 bruchton
566 4268 732 4315 worte
769 4263 876 4329 vgl.
913 4262 1082 4317 meine
1117 4262 1440 4331 bemerkung
1484 4262 1613 4313 iiber
1650 4262 1721 4311 M.
1767 4261 1829 4313 A.
1871 4261 1931 4311 in
1966 4260 2069 4315 den
2099 4259 2461 4325 jahrbiichern
2496 4260 2585 4313 fiir

245 4352 487 4407 deutsche
535 4350 802 4417 theolog-ie
855 4353 1008 4402 1875.
1161 4355 1194 4399 4
1243 4351 1487 4417 Tunger-i
1534 4354 1583 4401 2.
1657 4351 1931 4416 Tungsres
1984 4353 2029 4401 3.
2196 4351 2227 4397 5
2278 4347 2476 4399 Eadem
2530 4352 2583 4401 8.

248 4442 274 4489 6
312 4440 458 4492 Velle
491 4439 697 4506 ansgel.
737 4442 786 4491 2.
825 4442 874 4490 3.
1023 4444 1050 4490 7
1089 4440 1195 4494 Et..
1229 4476 1240 4491 .
1279 4444 1585 4497 accusatore
1620 4438 1819 4509 ausgel.
1858 4442 1905 4487 2.
1949 4441 1977 4493 3
2124 4439 2155 4493 8
2194 4436 2487 4491 ordinariis
2528 4438 2585 4506 5,

249 4528 506 4583 vielleicht
543 4527 840 4582 ordinatis?
