<?xml version="1.0" encoding="UTF-8"?>
<!DOCTYPE html PUBLIC "-//W3C//DTD XHTML 1.0 Transitional//EN"
    "http://www.w3.org/TR/xhtml1/DTD/xhtml1-transitional.dtd">
<html xmlns="http://www.w3.org/1999/xhtml" xml:lang="en" lang="en">
 <head>
  <title>
</title>
<meta http-equiv="Content-Type" content="text/html;charset=utf-8" />
  <meta name='ocr-system' content='tesseract 3.04.00' />
  <meta name='ocr-capabilities' content='ocr_page ocr_carea ocr_par ocr_line ocrx_word'/>
</head>
<body>
  <div class='ocr_page' id='page_1' title='image "./johannreuchlins00geiggoog/johannreuchlins00geiggoog_0266.png"; bbox 0 0 2950 5042; ppageno 0'>
   <div class='ocr_carea' id='block_1_1' title="bbox 32 671 36 1238">
    <p class='ocr_par' dir='ltr' id='par_1_1' title="bbox 32 671 36 1238">
     <span class='ocr_line' id='line_1_1' title="bbox 32 671 36 1238; baseline 0 0"><span class='ocrx_word' id='word_1_1' title='bbox 32 671 36 1238; x_wconf 95' lang='lat' dir='ltr'><strong> </strong></span> 
     </span>
    </p>
   </div>
   <div class='ocr_carea' id='block_1_2' title="bbox 1570 380 1701 447">
    <p class='ocr_par' dir='ltr' id='par_1_2' title="bbox 1570 380 1701 447">
     <span class='ocr_line' id='line_1_2' title="bbox 1570 380 1701 447; baseline -0.008 0"><span class='ocrx_word' id='word_1_2' title='bbox 1570 380 1701 447; x_wconf 81' lang='lat'><strong>256</strong></span> 
     </span>
    </p>
   </div>
   <div class='ocr_carea' id='block_1_3' title="bbox 467 567 2784 2247">
    <p class='ocr_par' dir='ltr' id='par_1_3' title="bbox 467 567 2784 2131">
     <span class='ocr_line' id='line_1_3' title="bbox 649 567 2769 657; baseline -0.003 -20"><span class='ocrx_word' id='word_1_3' title='bbox 649 570 864 651; x_wconf 87' lang='lat' dir='ltr'><strong>Quare</strong></span> <span class='ocrx_word' id='word_1_4' title='bbox 926 570 1051 638; x_wconf 89' lang='lat' dir='ltr'><strong>tibi</strong></span> <span class='ocrx_word' id='word_1_5' title='bbox 1118 569 1548 657; x_wconf 74' lang='lat' dir='ltr'><strong>persuadeas,</strong></span> <span class='ocrx_word' id='word_1_6' title='bbox 1618 576 1687 634; x_wconf 88' lang='lat' dir='ltr'><strong>et</strong></span> <span class='ocrx_word' id='word_1_7' title='bbox 1778 568 2304 655; x_wconf 83' lang='lat' dir='ltr'><strong>archipraesulem</strong></span> <span class='ocrx_word' id='word_1_8' title='bbox 2340 570 2361 607; x_wconf 88' lang='lat'>¹</span> <span class='ocrx_word' id='word_1_9' title='bbox 2424 587 2630 633; x_wconf 90' lang='lat' dir='ltr'><strong>meum</strong></span> <span class='ocrx_word' id='word_1_10' title='bbox 2686 567 2769 631; x_wconf 84' lang='lat' dir='ltr'><strong>tui</strong></span> 
     </span>
     <span class='ocr_line' id='line_1_4' title="bbox 469 672 2769 761; baseline -0.003 -17"><span class='ocrx_word' id='word_1_11' title='bbox 469 684 796 744; x_wconf 90' lang='lat' dir='ltr'><strong>amantem</strong></span> <span class='ocrx_word' id='word_1_12' title='bbox 843 698 984 744; x_wconf 89' lang='lat' dir='ltr'><strong>esse</strong></span> <span class='ocrx_word' id='word_1_13' title='bbox 1017 682 1084 743; x_wconf 92' lang='lat' dir='ltr'><strong>et</strong></span> <span class='ocrx_word' id='word_1_14' title='bbox 1129 678 1413 761; x_wconf 81' lang='lat' dir='ltr'><strong>gravit-er</strong></span> <span class='ocrx_word' id='word_1_15' title='bbox 1442 676 1899 743; x_wconf 80' lang='lat' dir='ltr'>lacerationem</span> <span class='ocrx_word' id='word_1_16' title='bbox 1948 681 2075 741; x_wconf 85' lang='lat' dir='ltr'><strong>tuae</strong></span> <span class='ocrx_word' id='word_1_17' title='bbox 2122 674 2309 739; x_wconf 80' lang='lat' dir='ltr'><strong>famae</strong></span> <span class='ocrx_word' id='word_1_18' title='bbox 2354 674 2539 741; x_wconf 88' lang='lat' dir='ltr'><strong>ferre.</strong></span> <span class='ocrx_word' id='word_1_19' title='bbox 2600 672 2769 738; x_wconf 85' lang='lat' dir='ltr'><strong>Croto</strong></span> 
     </span>
     <span class='ocr_line' id='line_1_5' title="bbox 469 778 2773 866; baseline -0.003 -17"><span class='ocrx_word' id='word_1_20' title='bbox 469 784 566 849; x_wconf 86' lang='lat' dir='ltr'><strong>tui</strong></span> <span class='ocrx_word' id='word_1_21' title='bbox 629 784 892 849; x_wconf 84' lang='lat' dir='ltr'><strong>honoris</strong></span> <span class='ocrx_word' id='word_1_22' title='bbox 964 782 1191 850; x_wconf 88' lang='lat' dir='ltr'><strong>sedulo</strong></span> <span class='ocrx_word' id='word_1_23' title='bbox 1277 782 1745 866; x_wconf 82' lang='lat' dir='ltr'>propugnatori</span> <span class='ocrx_word' id='word_1_24' title='bbox 1820 778 2111 854; x_wconf 85' lang='lat' dir='ltr'><strong>libellum</strong></span> <span class='ocrx_word' id='word_1_25' title='bbox 2144 780 2170 819; x_wconf 79' lang='lat'>²</span> <span class='ocrx_word' id='word_1_26' title='bbox 2250 786 2378 845; x_wconf 82' lang='lat' dir='ltr'><strong>tuae</strong></span> <span class='ocrx_word' id='word_1_27' title='bbox 2450 778 2773 863; x_wconf 86' lang='lat' dir='ltr'><strong>dignationi</strong></span> 
     </span>
     <span class='ocr_line' id='line_1_6' title="bbox 467 882 2773 966; baseline -0.003 -13"><span class='ocrx_word' id='word_1_28' title='bbox 467 888 857 953; x_wconf 82' lang='lat' dir='ltr'><strong>&#39;mittendum</strong></span> <span class='ocrx_word' id='word_1_29' title='bbox 904 887 1178 966; x_wconf 89' lang='lat' dir='ltr'><strong>tradidi,</strong></span> <span class='ocrx_word' id='word_1_30' title='bbox 1234 893 1311 953; x_wconf 90' lang='lat' dir='ltr'><strong>ut</strong></span> <span class='ocrx_word' id='word_1_31' title='bbox 1366 892 1431 952; x_wconf 85' lang='lat' dir='ltr'><strong>te</strong></span> <span class='ocrx_word' id='word_1_32' title='bbox 1492 908 1567 953; x_wconf 90' lang='lat' dir='ltr'><strong>eo</strong></span> <span class='ocrx_word' id='word_1_33' title='bbox 1631 886 1861 952; x_wconf 86' lang='lat' dir='ltr'><strong>melius</strong></span> <span class='ocrx_word' id='word_1_34' title='bbox 1920 884 2250 953; x_wconf 80' lang='lat' dir='ltr'><strong>defendas.</strong></span> <span class='ocrx_word' id='word_1_35' title='bbox 2356 883 2539 963; x_wconf 88' lang='lat' dir='ltr'><strong>Quod</strong></span> <span class='ocrx_word' id='word_1_36' title='bbox 2602 883 2652 949; x_wconf 86' lang='lat' dir='ltr'><strong>si</strong></span> <span class='ocrx_word' id='word_1_37' title='bbox 2703 882 2773 947; x_wconf 87' lang='lat' dir='ltr'><strong>ab</strong></span> 
     </span>
     <span class='ocr_line' id='line_1_7' title="bbox 468 990 2775 1077; baseline -0.003 -18"><span class='ocrx_word' id='word_1_38' title='bbox 468 992 571 1059; x_wconf 88' lang='lat' dir='ltr'><strong>his</strong></span> <span class='ocrx_word' id='word_1_39' title='bbox 601 993 941 1059; x_wconf 87' lang='lat' dir='ltr'><strong>calumniis</strong></span> <span class='ocrx_word' id='word_1_40' title='bbox 986 992 1121 1058; x_wconf 90' lang='lat' dir='ltr'><strong>ullo</strong></span> <span class='ocrx_word' id='word_1_41' title='bbox 1167 992 1358 1058; x_wconf 90' lang='lat' dir='ltr'><strong>modo</strong></span> <span class='ocrx_word' id='word_1_42' title='bbox 1406 998 1472 1057; x_wconf 93' lang='lat' dir='ltr'><strong>te</strong></span> <span class='ocrx_word' id='word_1_43' title='bbox 1503 992 1829 1059; x_wconf 86' lang='lat' dir='ltr'><strong>vindicare</strong></span> <span class='ocrx_word' id='word_1_44' title='bbox 1862 991 2133 1077; x_wconf 83' lang='lat' dir='ltr'><strong>quirem,</strong></span> <span class='ocrx_word' id='word_1_45' title='bbox 2180 990 2409 1056; x_wconf 86' lang='lat' dir='ltr'><strong>credas</strong></span> <span class='ocrx_word' id='word_1_46' title='bbox 2456 1009 2637 1055; x_wconf 90' lang='lat' dir='ltr'><strong>omne</strong></span> <span class='ocrx_word' id='word_1_47' title='bbox 2678 993 2775 1052; x_wconf 84' lang='lat' dir='ltr'><strong>tuo</strong></span> 
     </span>
     <span class='ocr_line' id='line_1_8' title="bbox 467 1094 2778 1181; baseline -0.003 -18"><span class='ocrx_word' id='word_1_48' title='bbox 467 1098 725 1165; x_wconf 87' lang='lat' dir='ltr'><strong>nomine</strong></span> <span class='ocrx_word' id='word_1_49' title='bbox 770 1095 1058 1165; x_wconf 81' lang='lat' dir='ltr'><strong>subirem</strong></span> <span class='ocrx_word' id='word_1_50' title='bbox 1101 1117 1284 1163; x_wconf 88' lang='lat' dir='ltr'><strong>onus.</strong></span> <span class='ocrx_word' id='word_1_51' title='bbox 1378 1097 1522 1162; x_wconf 91' lang='lat' dir='ltr'><strong>Non</strong></span> <span class='ocrx_word' id='word_1_52' title='bbox 1568 1118 1671 1163; x_wconf 92' lang='lat' dir='ltr'><strong>me</strong></span> <span class='ocrx_word' id='word_1_53' title='bbox 1716 1096 2001 1163; x_wconf 83' lang='lat' dir='ltr'><strong>Hercule</strong></span> <span class='ocrx_word' id='word_1_54' title='bbox 2047 1095 2316 1181; x_wconf 83' lang='lat' dir='ltr'>aliquod</span> <span class='ocrx_word' id='word_1_55' title='bbox 2360 1094 2778 1180; x_wconf 74' lang='lat' dir='ltr'><strong>majusbene-</strong></span> 
     </span>
     <span class='ocr_line' id='line_1_9' title="bbox 469 1200 2777 1288; baseline -0.003 -20"><span class='ocrx_word' id='word_1_56' title='bbox 469 1202 685 1270; x_wconf 89' lang='lat' dir='ltr'><strong>ficium</strong></span> <span class='ocrx_word' id='word_1_57' title='bbox 729 1224 833 1269; x_wconf 91' lang='lat' dir='ltr'><strong>me</strong></span> <span class='ocrx_word' id='word_1_58' title='bbox 877 1204 944 1268; x_wconf 91' lang='lat' dir='ltr'><strong>in</strong></span> <span class='ocrx_word' id='word_1_59' title='bbox 985 1209 1053 1269; x_wconf 85' lang='lat' dir='ltr'><strong>te</strong></span> <span class='ocrx_word' id='word_1_60' title='bbox 1099 1202 1396 1269; x_wconf 86' lang='lat' dir='ltr'><strong>conferre</strong></span> <span class='ocrx_word' id='word_1_61' title='bbox 1440 1201 1754 1288; x_wconf 87' lang='lat' dir='ltr'><strong>putabam</strong></span> <span class='ocrx_word' id='word_1_62' title='bbox 1772 1252 1789 1282; x_wconf 93' lang='lat'><strong>,</strong></span> <span class='ocrx_word' id='word_1_63' title='bbox 1858 1222 2056 1287; x_wconf 89' lang='lat' dir='ltr'><strong>quam</strong></span> <span class='ocrx_word' id='word_1_64' title='bbox 2113 1207 2188 1267; x_wconf 92' lang='lat' dir='ltr'><strong>ut</strong></span> <span class='ocrx_word' id='word_1_65' title='bbox 2248 1206 2437 1267; x_wconf 89' lang='lat' dir='ltr'><strong>tuum</strong></span> <span class='ocrx_word' id='word_1_66' title='bbox 2497 1200 2777 1265; x_wconf 87' lang='lat' dir='ltr'><strong>honorem</strong></span> 
     </span>
     <span class='ocr_line' id='line_1_10' title="bbox 471 1305 2779 1395; baseline -0.003 -21"><span class='ocrx_word' id='word_1_67' title='bbox 471 1313 591 1395; x_wconf 88' lang='lat' dir='ltr'><strong>pr&#39;o</strong></span> <span class='ocrx_word' id='word_1_68' title='bbox 637 1314 861 1375; x_wconf 83' lang='lat' dir='ltr'><strong>nostro</strong></span> <span class='ocrx_word' id='word_1_69' title='bbox 893 1329 1113 1374; x_wconf 89' lang='lat' dir='ltr'><strong>amore</strong></span> <span class='ocrx_word' id='word_1_70' title='bbox 1160 1329 1292 1394; x_wconf 83' lang='lat' dir='ltr'><strong>qua</strong></span> <span class='ocrx_word' id='word_1_71' title='bbox 1321 1329 1581 1393; x_wconf 85' lang='lat' dir='ltr'><strong>possem</strong></span> <span class='ocrx_word' id='word_1_72' title='bbox 1611 1305 1929 1374; x_wconf 86' lang='lat' dir='ltr'><strong>fidelitate</strong></span> <span class='ocrx_word' id='word_1_73' title='bbox 1970 1307 2391 1375; x_wconf 85' lang='lat' dir='ltr'><strong>defensarem.</strong></span> <span class='ocrx_word' id='word_1_74' title='bbox 2486 1306 2779 1371; x_wconf 85' lang='lat' dir='ltr'><strong>Caeterum</strong></span> 
     </span>
     <span class='ocr_line' id='line_1_11' title="bbox 473 1410 2781 1500; baseline -0.003 -21"><span class='ocrx_word' id='word_1_75' title='bbox 473 1435 602 1500; x_wconf 89' lang='lat' dir='ltr'><strong>quo</strong></span> <span class='ocrx_word' id='word_1_76' title='bbox 669 1414 924 1499; x_wconf 87' lang='lat' dir='ltr'><strong>planius</strong></span> <span class='ocrx_word' id='word_1_77' title='bbox 988 1415 1109 1481; x_wconf 89' lang='lat' dir='ltr'><strong>tibi</strong></span> <span class='ocrx_word' id='word_1_78' title='bbox 1173 1414 1600 1494; x_wconf 78' lang='lat' dir='ltr'>innotescam,</span> <span class='ocrx_word' id='word_1_79' title='bbox 1675 1434 1855 1480; x_wconf 83' lang='lat' dir='ltr'><strong>meas</strong></span> <span class='ocrx_word' id='word_1_80' title='bbox 1917 1413 2197 1498; x_wconf 88' lang='lat' dir='ltr'><strong>ineptias</strong></span> <span class='ocrx_word' id='word_1_81' title='bbox 2259 1432 2427 1498; x_wconf 88' lang='lat' dir='ltr'><strong>quas</strong></span> <span class='ocrx_word' id='word_1_82' title='bbox 2496 1410 2781 1476; x_wconf 87' lang='lat' dir='ltr'><strong>adversus</strong></span> 
     </span>
     <span class='ocr_line' id='line_1_12' title="bbox 468 1518 2781 1606; baseline -0.003 -20"><span class='ocrx_word' id='word_1_83' title='bbox 468 1520 897 1606; x_wconf 89' lang='lat' dir='ltr'><strong>pestilitatem</strong></span> <span class='ocrx_word' id='word_1_84' title='bbox 931 1520 957 1560; x_wconf 81' lang='lat'>⁸</span> <span class='ocrx_word' id='word_1_85' title='bbox 1016 1520 1190 1586; x_wconf 91' lang='lat' dir='ltr'><strong>edidi</strong></span> <span class='ocrx_word' id='word_1_86' title='bbox 1249 1520 1441 1586; x_wconf 88' lang='lat' dir='ltr'><strong>simul</strong></span> <span class='ocrx_word' id='word_1_87' title='bbox 1489 1519 1576 1584; x_wconf 89' lang='lat' dir='ltr'><strong>ad</strong></span> <span class='ocrx_word' id='word_1_88' title='bbox 1630 1524 1697 1585; x_wconf 90' lang='lat' dir='ltr'><strong>te</strong></span> <span class='ocrx_word' id='word_1_89' title='bbox 1743 1519 1962 1598; x_wconf 89' lang='lat' dir='ltr'><strong>mitto,</strong></span> <span class='ocrx_word' id='word_1_90' title='bbox 2018 1539 2146 1585; x_wconf 93' lang='lat' dir='ltr'><strong>non</strong></span> <span class='ocrx_word' id='word_1_91' title='bbox 2192 1518 2369 1602; x_wconf 93' lang='lat' dir='ltr'><strong>quod</strong></span> <span class='ocrx_word' id='word_1_92' title='bbox 2416 1518 2648 1584; x_wconf 82' lang='lat' dir='ltr'><strong>ducam</strong></span> <span class='ocrx_word' id='word_1_93' title='bbox 2690 1534 2781 1581; x_wconf 86' lang='lat' dir='ltr'><strong>eas</strong></span> 
     </span>
     <span class='ocr_line' id='line_1_13' title="bbox 470 1622 2783 1711; baseline -0.004 -20"><span class='ocrx_word' id='word_1_94' title='bbox 470 1630 588 1692; x_wconf 86' lang='lat' dir='ltr'><strong>tua</strong></span> <span class='ocrx_word' id='word_1_95' title='bbox 617 1626 892 1693; x_wconf 89' lang='lat' dir='ltr'><strong>lectione</strong></span> <span class='ocrx_word' id='word_1_96' title='bbox 925 1626 1168 1711; x_wconf 77' lang='lat' dir='ltr'><strong>dignae,</strong></span> <span class='ocrx_word' id='word_1_97' title='bbox 1215 1626 1331 1691; x_wconf 86' lang='lat' dir='ltr'><strong>sed</strong></span> <span class='ocrx_word' id='word_1_98' title='bbox 1361 1632 1438 1692; x_wconf 92' lang='lat' dir='ltr'><strong>ut</strong></span> <span class='ocrx_word' id='word_1_99' title='bbox 1475 1632 1661 1691; x_wconf 88' lang='lat' dir='ltr'><strong>tuam</strong></span> <span class='ocrx_word' id='word_1_100' title='bbox 1691 1625 1908 1691; x_wconf 87' lang='lat' dir='ltr'><strong>limam</strong></span> <span class='ocrx_word' id='word_1_101' title='bbox 1942 1624 2223 1691; x_wconf 86' lang='lat' dir='ltr'><strong>subeant</strong></span> <span class='ocrx_word' id='word_1_102' title='bbox 2254 1628 2322 1689; x_wconf 90' lang='lat' dir='ltr'><strong>et</strong></span> <span class='ocrx_word' id='word_1_103' title='bbox 2350 1644 2569 1689; x_wconf 88' lang='lat' dir='ltr'><strong>meum</strong></span> <span class='ocrx_word' id='word_1_104' title='bbox 2600 1622 2783 1703; x_wconf 86' lang='lat' dir='ltr'><strong>singu-</strong></span> 
     </span>
     <span class='ocr_line' id='line_1_14' title="bbox 471 1724 2781 1817; baseline -0.003 -22"><span class='ocrx_word' id='word_1_105' title='bbox 471 1728 676 1796; x_wconf 80' lang='lat' dir='ltr'><strong>larem</strong></span> <span class='ocrx_word' id='word_1_106' title='bbox 723 1752 880 1817; x_wconf 87' lang='lat' dir='ltr'><strong>erga</strong></span> <span class='ocrx_word' id='word_1_107' title='bbox 924 1738 990 1798; x_wconf 91' lang='lat' dir='ltr'><strong>te</strong></span> <span class='ocrx_word' id='word_1_108' title='bbox 1037 1752 1326 1797; x_wconf 90' lang='lat' dir='ltr'><strong>amorem</strong></span> <span class='ocrx_word' id='word_1_109' title='bbox 1370 1736 1715 1797; x_wconf 82' lang='lat' dir='ltr'><strong>testentur.</strong></span> <span class='ocrx_word' id='word_1_110' title='bbox 1810 1731 1941 1796; x_wconf 93' lang='lat' dir='ltr'><strong>Oro</strong></span> <span class='ocrx_word' id='word_1_111' title='bbox 1999 1729 2198 1813; x_wconf 87' lang='lat' dir='ltr'><strong>igitur</strong></span> <span class='ocrx_word' id='word_1_112' title='bbox 2245 1734 2549 1795; x_wconf 88' lang='lat' dir='ltr'><strong>nostram</strong></span> <span class='ocrx_word' id='word_1_113' title='bbox 2592 1724 2781 1791; x_wconf 84' lang='lat' dir='ltr'><strong>amici·</strong></span> 
     </span>
     <span class='ocr_line' id='line_1_15' title="bbox 474 1824 2781 1921; baseline -0.004 -18"><span class='ocrx_word' id='word_1_114' title='bbox 474 1836 641 1903; x_wconf 87' lang='lat' dir='ltr'><strong>ciam</strong></span> <span class='ocrx_word' id='word_1_115' title='bbox 686 1857 810 1902; x_wconf 91' lang='lat' dir='ltr'><strong>non</strong></span> <span class='ocrx_word' id='word_1_116' title='bbox 863 1836 1174 1921; x_wconf 86' lang='lat' dir='ltr'><strong>explodas</strong></span> <span class='ocrx_word' id='word_1_117' title='bbox 1223 1842 1291 1902; x_wconf 90' lang='lat' dir='ltr'><strong>et</strong></span> <span class='ocrx_word' id='word_1_118' title='bbox 1335 1856 1454 1903; x_wconf 86' lang='lat' dir='ltr'><strong>nos</strong></span> <span class='ocrx_word' id='word_1_119' title='bbox 1486 1837 1617 1903; x_wconf 88' lang='lat' dir='ltr'><strong>tuis</strong></span> <span class='ocrx_word' id='word_1_120' title='bbox 1650 1836 1876 1903; x_wconf 88' lang='lat' dir='ltr'><strong>amicis</strong></span> <span class='ocrx_word' id='word_1_121' title='bbox 1909 1824 2351 1901; x_wconf 83' lang='lat' dir='ltr'><strong>connumeres.</strong></span> <span class='ocrx_word' id='word_1_122' title='bbox 2416 1834 2581 1901; x_wconf 89' lang='lat' dir='ltr'><strong>Vale</strong></span> <span class='ocrx_word' id='word_1_123' title='bbox 2610 1829 2781 1899; x_wconf 88' lang='lat' dir='ltr'><strong>foelici</strong></span> 
     </span>
     <span class='ocr_line' id='line_1_16' title="bbox 471 1936 2784 2027; baseline -0.002 -21"><span class='ocrx_word' id='word_1_124' title='bbox 471 1941 764 2027; x_wconf 86' lang='lat' dir='ltr'><strong>auspicio</strong></span> <span class='ocrx_word' id='word_1_125' title='bbox 810 1942 1154 2009; x_wconf 88' lang='lat' dir='ltr'><strong>literarum</strong></span> <span class='ocrx_word' id='word_1_126' title='bbox 1202 1942 1404 2009; x_wconf 84' lang='lat' dir='ltr'><strong>decus</strong></span> <span class='ocrx_word' id='word_1_127' title='bbox 1462 1948 1530 2008; x_wconf 92' lang='lat' dir='ltr'><strong>et</strong></span> <span class='ocrx_word' id='word_1_128' title='bbox 1592 1964 1693 2007; x_wconf 93' lang='lat' dir='ltr'><strong>me</strong></span> <span class='ocrx_word' id='word_1_129' title='bbox 1752 1948 1820 2008; x_wconf 87' lang='lat' dir='ltr'><strong>te</strong></span> <span class='ocrx_word' id='word_1_130' title='bbox 1867 1947 2197 2008; x_wconf 88' lang='lat' dir='ltr'><strong>amantem</strong></span> <span class='ocrx_word' id='word_1_131' title='bbox 2256 1940 2549 2007; x_wconf 90' lang='lat' dir='ltr'><strong>redama.</strong></span> <span class='ocrx_word' id='word_1_132' title='bbox 2637 1936 2784 2003; x_wconf 85' lang='lat' dir='ltr'><strong>Prid.</strong></span> 
     </span>
     <span class='ocr_line' id='line_1_17' title="bbox 473 2046 994 2131; baseline -0.002 -18"><span class='ocrx_word' id='word_1_133' title='bbox 473 2046 620 2113; x_wconf 86' lang='lat' dir='ltr'><strong>Kal.</strong></span> <span class='ocrx_word' id='word_1_134' title='bbox 667 2046 994 2131; x_wconf 83' lang='lat' dir='ltr'><strong>Septemb.</strong></span> 
     </span>
    </p>

    <p class='ocr_par' dir='ltr' id='par_1_4' title="bbox 651 2155 1759 2247">
     <span class='ocr_line' id='line_1_18' title="bbox 651 2155 1759 2247; baseline 0 -30"><span class='ocrx_word' id='word_1_135' title='bbox 651 2155 975 2247; x_wconf 70' lang='lat' dir='ltr'><strong>Gedruckt:</strong></span> <span class='ocrx_word' id='word_1_136' title='bbox 1011 2176 1095 2210; x_wconf 58' lang='grc' dir='ltr'><em>ε</em></span> <span class='ocrx_word' id='word_1_137' title='bbox 1125 2156 1183 2216; x_wconf 90' lang='lat' dir='ltr'><strong>J.</strong></span> <span class='ocrx_word' id='word_1_138' title='bbox 1217 2172 1270 2217; x_wconf 89' lang='lat' dir='ltr'><strong>v.</strong></span> <span class='ocrx_word' id='word_1_139' title='bbox 1307 2174 1357 2217; x_wconf 89' lang='lat' dir='ltr'><strong>e.</strong></span> <span class='ocrx_word' id='word_1_140' title='bbox 1390 2175 1440 2217; x_wconf 86' lang='lat' dir='ltr'><strong>z.</strong></span> <span class='ocrx_word' id='word_1_141' title='bbox 1482 2161 1571 2217; x_wconf 74' lang='lat'><strong>4⁸.</strong></span> <span class='ocrx_word' id='word_1_142' title='bbox 1622 2156 1759 2217; x_wconf 76' lang='lat' dir='ltr'><strong>Asa.</strong></span> 
     </span>
    </p>
   </div>
   <div class='ocr_carea' id='block_1_4' title="bbox 617 2380 2729 2568">
    <p class='ocr_par' dir='ltr' id='par_1_5' title="bbox 617 2380 2729 2568">
     <span class='ocr_line' id='line_1_19' title="bbox 1475 2380 1818 2450; baseline 0.003 -1"><span class='ocrx_word' id='word_1_143' title='bbox 1475 2380 1818 2450; x_wconf 87' lang='lat' dir='ltr'><strong>CCXXIII.</strong></span> 
     </span>
     <span class='ocr_line' id='line_1_20' title="bbox 617 2470 2729 2568; baseline -0.003 -43"><span class='ocrx_word' id='word_1_144' title='bbox 617 2470 806 2568; x_wconf 61' lang='lat' dir='ltr'><strong>Gotha.</strong></span> <span class='ocrx_word' id='word_1_145' title='bbox 2250 2474 2309 2521; x_wconf 72' lang='grc' dir='ltr'><strong>ιε</strong></span> <span class='ocrx_word' id='word_1_146' title='bbox 2350 2471 2497 2537; x_wconf 78' lang='lat' dir='ltr'><strong>Sept.</strong></span> <span class='ocrx_word' id='word_1_147' title='bbox 2532 2471 2729 2538; x_wconf 75' lang='lat'><strong>(1516.)</strong></span> 
     </span>
    </p>
   </div>
   <div class='ocr_carea' id='block_1_5' title="bbox 935 2558 2343 2661">
    <p class='ocr_par' dir='ltr' id='par_1_6' title="bbox 935 2558 2343 2661">
     <span class='ocr_line' id='line_1_21' title="bbox 935 2558 2343 2661; baseline -0.002 -26"><span class='ocrx_word' id='word_1_148' title='bbox 935 2559 1316 2635; x_wconf 81' lang='lat' dir='ltr'><strong>Mutianus</strong></span> <span class='ocrx_word' id='word_1_149' title='bbox 1369 2560 1767 2661; x_wconf 83' lang='lat' dir='ltr'><strong>Presbyter</strong></span> <span class='ocrx_word' id='word_1_150' title='bbox 1824 2586 1923 2634; x_wconf 85' lang='lat' dir='ltr'><strong>an</strong></span> <span class='ocrx_word' id='word_1_151' title='bbox 1976 2558 2343 2634; x_wconf 88' lang='lat' dir='ltr'><strong>Reuchlin</strong></span> 
     </span>
    </p>
   </div>
   <div class='ocr_carea' id='block_1_6' title="bbox 470 2704 2789 3108">
    <p class='ocr_par' dir='ltr' id='par_1_7' title="bbox 470 2704 2787 3005">
     <span class='ocr_line' id='line_1_22' title="bbox 470 2704 2785 2791; baseline -0.003 -16"><span class='ocrx_word' id='word_1_152' title='bbox 470 2704 650 2790; x_wconf 83' lang='lat' dir='ltr'><strong>hofft,</strong></span> <span class='ocrx_word' id='word_1_153' title='bbox 698 2710 850 2777; x_wconf 88' lang='lat' dir='ltr'><strong>dass</strong></span> <span class='ocrx_word' id='word_1_154' title='bbox 896 2707 1210 2775; x_wconf 89' lang='lat' dir='ltr'><strong>Reuchlin</strong></span> <span class='ocrx_word' id='word_1_155' title='bbox 1258 2707 1465 2774; x_wconf 88' lang='lat' dir='ltr'><strong>durch</strong></span> <span class='ocrx_word' id='word_1_156' title='bbox 1512 2707 1615 2773; x_wconf 92' lang='lat' dir='ltr'><strong>die</strong></span> <span class='ocrx_word' id='word_1_157' title='bbox 1664 2707 1983 2774; x_wconf 68' lang='lat' dir='ltr'><strong>romische</strong></span> <span class='ocrx_word' id='word_1_158' title='bbox 2037 2704 2513 2791; x_wconf 86' lang='lat' dir='ltr'><strong>entscheidung</strong></span> <span class='ocrx_word' id='word_1_159' title='bbox 2563 2705 2663 2772; x_wconf 89' lang='lat' dir='ltr'><strong>die</strong></span> <span class='ocrx_word' id='word_1_160' title='bbox 2705 2726 2785 2787; x_wconf 85' lang='lat' dir='ltr'><strong>ge·</strong></span> 
     </span>
     <span class='ocr_line' id='line_1_23' title="bbox 471 2810 2787 2898; baseline -0.003 -19"><span class='ocrx_word' id='word_1_161' title='bbox 471 2814 800 2881; x_wconf 86' lang='lat' dir='ltr'><strong>wiinschte</strong></span> <span class='ocrx_word' id='word_1_162' title='bbox 831 2813 991 2880; x_wconf 88' lang='lat' dir='ltr'><strong>ruhe</strong></span> <span class='ocrx_word' id='word_1_163' title='bbox 1041 2812 1337 2880; x_wconf 86' lang='lat' dir='ltr'><strong>erhalten</strong></span> <span class='ocrx_word' id='word_1_164' title='bbox 1383 2810 1572 2879; x_wconf 79' lang='lat' dir='ltr'><strong>hab&#39;e.</strong></span> <span class='ocrx_word' id='word_1_165' title='bbox 1652 2813 1841 2879; x_wconf 89' lang='lat' dir='ltr'><strong>Seine</strong></span> <span class='ocrx_word' id='word_1_166' title='bbox 1888 2834 2125 2898; x_wconf 84' lang='lat' dir='ltr'><strong>gegner</strong></span> <span class='ocrx_word' id='word_1_167' title='bbox 2170 2811 2438 2877; x_wconf 85' lang='lat' dir='ltr'><strong>wiirden</strong></span> <span class='ocrx_word' id='word_1_168' title='bbox 2486 2834 2611 2879; x_wconf 86' lang='lat' dir='ltr'><strong>von</strong></span> <span class='ocrx_word' id='word_1_169' title='bbox 2642 2810 2787 2877; x_wconf 88' lang='lat' dir='ltr'><strong>allen</strong></span> 
     </span>
     <span class='ocr_line' id='line_1_24' title="bbox 471 2906 2341 3005; baseline -0.003 -19"><span class='ocrx_word' id='word_1_170' title='bbox 471 2919 805 3005; x_wconf 78' lang='lat' dir='ltr'><strong>verfiucht‚</strong></span> <span class='ocrx_word' id='word_1_171' title='bbox 854 2941 925 2985; x_wconf 92' lang='lat' dir='ltr'><strong>er</strong></span> <span class='ocrx_word' id='word_1_172' title='bbox 971 2918 1138 2984; x_wconf 89' lang='lat' dir='ltr'><strong>hoch</strong></span> <span class='ocrx_word' id='word_1_173' title='bbox 1184 2918 1429 3003; x_wconf 89' lang='lat' dir='ltr'><strong>geehrt.</strong></span> <span class='ocrx_word' id='word_1_174' title='bbox 2336 2906 2341 2913; x_wconf 43' lang='lat'><strong>⁹</strong></span> 
     </span>
    </p>

    <p class='ocr_par' dir='ltr' id='par_1_8' title="bbox 651 3018 2789 3108">
     <span class='ocr_line' id='line_1_25' title="bbox 651 3018 2789 3108; baseline -0.004 -17"><span class='ocrx_word' id='word_1_175' title='bbox 651 3025 750 3091; x_wconf 90' lang='lat' dir='ltr'><strong>Ad</strong></span> <span class='ocrx_word' id='word_1_176' title='bbox 826 3046 928 3090; x_wconf 92' lang='lat' dir='ltr'><strong>me</strong></span> <span class='ocrx_word' id='word_1_177' title='bbox 995 3023 1284 3108; x_wconf 87' lang='lat' dir='ltr'><strong>quotidie</strong></span> <span class='ocrx_word' id='word_1_178' title='bbox 1371 3022 1706 3089; x_wconf 89' lang='lat' dir='ltr'><strong>confluunt</strong></span> <span class='ocrx_word' id='word_1_179' title='bbox 1783 3022 1934 3089; x_wconf 90' lang='lat' dir='ltr'><strong>boni</strong></span> <span class='ocrx_word' id='word_1_180' title='bbox 2016 3022 2503 3102; x_wconf 86' lang='lat' dir='ltr'><strong>adolescentes,</strong></span> <span class='ocrx_word' id='word_1_181' title='bbox 2580 3018 2789 3107; x_wconf 87' lang='lat' dir='ltr'><strong>quibus</strong></span> 
     </span>
    </p>
   </div>
   <div class='ocr_carea' id='block_1_7' title="bbox 474 3123 2789 3297">
    <p class='ocr_par' dir='ltr' id='par_1_9' title="bbox 474 3123 2789 3297">
     <span class='ocr_line' id='line_1_26' title="bbox 474 3123 2789 3225; baseline -0.003 -31"><span class='ocrx_word' id='word_1_182' title='bbox 474 3128 764 3225; x_wconf 80' lang='lat' dir='ltr'><strong>Capnion</strong></span> <span class='ocrx_word' id='word_1_183' title='bbox 811 3136 913 3196; x_wconf 79' lang='lat' dir='ltr'><strong>est</strong></span> <span class='ocrx_word' id='word_1_184' title='bbox 955 3130 1022 3194; x_wconf 93' lang='lat' dir='ltr'><strong>in</strong></span> <span class='ocrx_word' id='word_1_185' title='bbox 1052 3150 1180 3195; x_wconf 64' lang='lat' dir='ltr'><strong>‘ore</strong></span> <span class='ocrx_word' id='word_1_186' title='bbox 1228 3135 1296 3195; x_wconf 89' lang='lat' dir='ltr'><strong>et</strong></span> <span class='ocrx_word' id='word_1_187' title='bbox 1341 3130 1407 3195; x_wconf 91' lang='lat' dir='ltr'><strong>in</strong></span> <span class='ocrx_word' id='word_1_188' title='bbox 1452 3137 1740 3214; x_wconf 85' lang='lat' dir='ltr'><strong>pectore,</strong></span> <span class='ocrx_word' id='word_1_189' title='bbox 1786 3128 1890 3194; x_wconf 91' lang='lat' dir='ltr'><strong>hic</strong></span> <span class='ocrx_word' id='word_1_190' title='bbox 1913 3150 2053 3194; x_wconf 85' lang='lat' dir='ltr'><strong>sese</strong></span> <span class='ocrx_word' id='word_1_191' title='bbox 2087 3146 2371 3213; x_wconf 85' lang='lat' dir='ltr'><strong>graecum</strong></span> <span class='ocrx_word' id='word_1_192' title='bbox 2419 3128 2660 3211; x_wconf 85' lang='lat' dir='ltr'><strong>probat</strong></span> <span class='ocrx_word' id='word_1_193' title='bbox 2698 3123 2789 3187; x_wconf 86' lang='lat' dir='ltr'><strong>ille</strong></span> 
     </span>
     <span class='ocr_line' id='line_1_27' title="bbox 1625 3258 1661 3297; baseline 0 -7"><span class='ocrx_word' id='word_1_194' title='bbox 1625 3258 1661 3297; x_wconf 54' lang='grc' dir='ltr'><strong>ἦε</strong></span> 
     </span>
    </p>
   </div>
   <div class='ocr_carea' id='block_1_8' title="bbox 436 3341 2794 4369">
    <p class='ocr_par' dir='ltr' id='par_1_10' title="bbox 436 3341 2791 3578">
     <span class='ocr_line' id='line_1_28' title="bbox 436 3341 2791 3415; baseline -0.002 -17"><span class='ocrx_word' id='word_1_195' title='bbox 436 3346 442 3353; x_wconf 81' lang='grc'><strong>’</strong></span> <span class='ocrx_word' id='word_1_196' title='bbox 474 3346 584 3398; x_wconf 85' lang='lat' dir='ltr'><strong>Der</strong></span> <span class='ocrx_word' id='word_1_197' title='bbox 615 3348 981 3399; x_wconf 85' lang='lat' dir='ltr'><strong>stromerisohe</strong></span> <span class='ocrx_word' id='word_1_198' title='bbox 1009 3348 1214 3399; x_wconf 84' lang='lat' dir='ltr'><strong>bcricht</strong></span> <span class='ocrx_word' id='word_1_199' title='bbox 1252 3350 1320 3399; x_wconf 85' lang='lat' dir='ltr'><strong>ist</strong></span> <span class='ocrx_word' id='word_1_200' title='bbox 1357 3347 1493 3399; x_wconf 88' lang='lat' dir='ltr'><strong>ohne</strong></span> <span class='ocrx_word' id='word_1_201' title='bbox 1530 3348 1731 3399; x_wconf 82' lang='lat' dir='ltr'><strong>zweifel</strong></span> <span class='ocrx_word' id='word_1_202' title='bbox 1769 3346 2307 3415; x_wconf 75' lang='lat' dir='ltr'><strong>wahrheitsgetreuer,</strong></span> <span class='ocrx_word' id='word_1_203' title='bbox 2345 3348 2548 3398; x_wconf 86' lang='lat' dir='ltr'><strong>Hutten</strong></span> <span class='ocrx_word' id='word_1_204' title='bbox 2576 3347 2665 3396; x_wconf 82' lang='lat' dir='ltr'><strong>hat</strong></span> <span class='ocrx_word' id='word_1_205' title='bbox 2696 3341 2791 3393; x_wconf 83' lang='lat' dir='ltr'><strong>sich</strong></span> 
     </span>
     <span class='ocr_line' id='line_1_29' title="bbox 473 3430 2791 3503; baseline -0.003 -16"><span class='ocrx_word' id='word_1_206' title='bbox 473 3435 734 3487; x_wconf 84' lang='lat' dir='ltr'><strong>entweder</strong></span> <span class='ocrx_word' id='word_1_207' title='bbox 786 3435 877 3487; x_wconf 83' lang='lat' dir='ltr'><strong>des</strong></span> <span class='ocrx_word' id='word_1_208' title='bbox 931 3452 1198 3503; x_wconf 72' lang='lat' dir='ltr'><strong>vol-gange</strong></span> <span class='ocrx_word' id='word_1_209' title='bbox 1248 3438 1397 3488; x_wconf 87' lang='lat' dir='ltr'><strong>nicht</strong></span> <span class='ocrx_word' id='word_1_210' title='bbox 1447 3437 1595 3488; x_wconf 82' lang='lat' dir='ltr'><strong>mehr</strong></span> <span class='ocrx_word' id='word_1_211' title='bbox 1642 3450 1815 3503; x_wconf 85' lang='lat' dir='ltr'><strong>genau</strong></span> <span class='ocrx_word' id='word_1_212' title='bbox 1867 3436 2121 3499; x_wconf 86' lang='lat' dir='ltr'><strong>erinnert,</strong></span> <span class='ocrx_word' id='word_1_213' title='bbox 2177 3435 2303 3486; x_wconf 85' lang='lat' dir='ltr'><strong>oder</strong></span> <span class='ocrx_word' id='word_1_214' title='bbox 2353 3436 2445 3485; x_wconf 90' lang='lat' dir='ltr'><strong>ihn</strong></span> <span class='ocrx_word' id='word_1_215' title='bbox 2494 3430 2791 3487; x_wconf 83' lang='lat' dir='ltr'><strong>absichtlieh</strong></span> 
     </span>
     <span class='ocr_line' id='line_1_30' title="bbox 471 3510 1863 3578; baseline -0.003 -1"><span class='ocrx_word' id='word_1_216' title='bbox 471 3523 728 3578; x_wconf 77' lang='lat' dir='ltr'><strong>verdreht.</strong></span> <span class='ocrx_word' id='word_1_217' title='bbox 767 3517 770 3519; x_wconf 51' lang='grc'>’</span> <span class='ocrx_word' id='word_1_218' title='bbox 855 3510 860 3516; x_wconf 50' lang='grc'>’</span> <span class='ocrx_word' id='word_1_219' title='bbox 1860 3515 1863 3516; x_wconf 49' lang='grc'>’</span> 
     </span>
    </p>

    <p class='ocr_par' dir='ltr' id='par_1_11' title="bbox 471 3607 2794 4369">
     <span class='ocr_line' id='line_1_31' title="bbox 620 3607 2793 3683; baseline -0.002 -19"><span class='ocrx_word' id='word_1_220' title='bbox 620 3619 640 3665; x_wconf 81' lang='grc'>1</span> <span class='ocrx_word' id='word_1_221' title='bbox 687 3612 1156 3679; x_wconf 79' lang='lat' dir='ltr'><strong>Archipeaesulum.</strong></span> <span class='ocrx_word' id='word_1_222' title='bbox 1218 3618 1262 3663; x_wconf 90' lang='lat'><strong>1.</strong></span> <span class='ocrx_word' id='word_1_223' title='bbox 1433 3616 1474 3683; x_wconf 32' lang='grc'><strong>,2</strong></span> <span class='ocrx_word' id='word_1_224' title='bbox 1515 3611 1870 3663; x_wconf 79' lang='lat' dir='ltr'><strong>Pfefferkorns</strong></span> <span class='ocrx_word' id='word_1_225' title='bbox 1922 3610 2173 3663; x_wconf 77' lang='lat' dir='ltr'><strong>defensio.</strong></span> <span class='ocrx_word' id='word_1_226' title='bbox 2341 3614 2370 3661; x_wconf 85' lang='grc'><strong>3</strong></span> <span class='ocrx_word' id='word_1_227' title='bbox 2418 3608 2674 3678; x_wconf 85' lang='lat' dir='ltr'><strong>Ineptias]</strong></span> <span class='ocrx_word' id='word_1_228' title='bbox 2722 3607 2793 3658; x_wconf 79' lang='lat' dir='ltr'><strong>dio</strong></span> 
     </span>
     <span class='ocr_line' id='line_1_32' title="bbox 472 3695 2793 3764; baseline -0.003 -12"><span class='ocrx_word' id='word_1_229' title='bbox 472 3702 660 3755; x_wconf 72' lang='lat' dir='ltr'><strong>schrift</strong></span> <span class='ocrx_word' id='word_1_230' title='bbox 683 3700 920 3754; x_wconf 83' lang='lat' dir='ltr'><strong>erschien</strong></span> <span class='ocrx_word' id='word_1_231' title='bbox 946 3708 1100 3751; x_wconf 87' lang='lat' dir='ltr'><strong>unter</strong></span> <span class='ocrx_word' id='word_1_232' title='bbox 1125 3700 1240 3751; x_wconf 87' lang='lat' dir='ltr'><strong>dem</strong></span> <span class='ocrx_word' id='word_1_233' title='bbox 1269 3701 1408 3751; x_wconf 80' lang='lat' dir='ltr'><strong>titel:</strong></span> <span class='ocrx_word' id='word_1_234' title='bbox 1451 3700 1738 3754; x_wconf 83' lang='lat' dir='ltr'><strong>HENRICI</strong></span> <span class='ocrx_word' id='word_1_235' title='bbox 1764 3699 2133 3751; x_wconf 80' lang='lat' dir='ltr'>STROMERS</span> <span class='ocrx_word' id='word_1_236' title='bbox 2172 3699 2583 3762; x_wconf 78' lang='lat' dir='ltr'><strong>AVRBACHII,</strong></span> <span class='ocrx_word' id='word_1_237' title='bbox 2616 3698 2625 3764; x_wconf 89' lang='grc' dir='ltr'>Ι</span> <span class='ocrx_word' id='word_1_238' title='bbox 2654 3695 2793 3748; x_wconf 81' lang='lat' dir='ltr'><strong>medi-</strong></span> 
     </span>
     <span class='ocr_line' id='line_1_33' title="bbox 473 3780 2793 3858; baseline -0.004 -18"><span class='ocrx_word' id='word_1_239' title='bbox 473 3792 591 3840; x_wconf 85' lang='lat' dir='ltr'><strong>cine</strong></span> <span class='ocrx_word' id='word_1_240' title='bbox 654 3787 914 3853; x_wconf 84' lang='lat' dir='ltr'><strong>doctoris,</strong></span> <span class='ocrx_word' id='word_1_241' title='bbox 979 3780 1324 3840; x_wconf 79' lang='lat' dir='ltr'><strong>saluberrime</strong></span> <span class='ocrx_word' id='word_1_242' title='bbox 1380 3788 1633 3840; x_wconf 70' lang='lat' dir='ltr'><strong>ati-uersus</strong></span> <span class='ocrx_word' id='word_1_243' title='bbox 1712 3786 2089 3858; x_wconf 63' lang='lat' dir='ltr'><strong>pestillentiam</strong></span> <span class='ocrx_word' id='word_1_244' title='bbox 2151 3787 2579 3851; x_wconf 82' lang='lat' dir='ltr'><strong>obseruationes,</strong></span> <span class='ocrx_word' id='word_1_245' title='bbox 2632 3797 2793 3837; x_wconf 86' lang='lat' dir='ltr'><strong>recens</strong></span> 
     </span>
     <span class='ocr_line' id='line_1_34' title="bbox 473 3874 2793 3945; baseline -0.004 -16"><span class='ocrx_word' id='word_1_246' title='bbox 473 3874 650 3929; x_wconf 84' lang='lat' dir='ltr'><strong>editae:</strong></span> <span class='ocrx_word' id='word_1_247' title='bbox 713 3878 944 3945; x_wconf 72' lang='lat' dir='ltr'><strong>{Aeque</strong></span> <span class='ocrx_word' id='word_1_248' title='bbox 1006 3877 1324 3944; x_wconf 78' lang='lat' dir='ltr'><strong>pauperibus</strong></span> <span class='ocrx_word' id='word_1_249' title='bbox 1380 3883 1604 3943; x_wconf 83' lang='lat' dir='ltr'><strong>prosunt</strong></span> <span class='ocrx_word' id='word_1_250' title='bbox 1659 3875 2015 3943; x_wconf 87' lang='lat' dir='ltr'><strong>locupletibus</strong></span> <span class='ocrx_word' id='word_1_251' title='bbox 2076 3892 2237 3943; x_wconf 77' lang='lat' dir='ltr'><strong>seque.</strong></span> <span class='ocrx_word' id='word_1_252' title='bbox 2272 3876 2281 3942; x_wconf 87' lang='grc' dir='ltr'>Ι</span> <span class='ocrx_word' id='word_1_253' title='bbox 2312 3878 2496 3943; x_wconf 87' lang='lat' dir='ltr'><strong>Aeque</strong></span> <span class='ocrx_word' id='word_1_254' title='bbox 2560 3875 2793 3941; x_wconf 84' lang='lat' dir='ltr'><strong>neglecte,</strong></span> 
     </span>
     <span class='ocr_line' id='line_1_35' title="bbox 471 3959 2794 4034; baseline -0.003 -17"><span class='ocrx_word' id='word_1_255' title='bbox 471 3968 646 4034; x_wconf 86' lang='lat' dir='ltr'><strong>pueris</strong></span> <span class='ocrx_word' id='word_1_256' title='bbox 696 3965 1014 4031; x_wconf 84' lang='lat' dir='ltr'><strong>senibusque</strong></span> <span class='ocrx_word' id='word_1_257' title='bbox 1062 3965 1344 4016; x_wconf 88' lang='lat' dir='ltr'><strong>nocebunt.</strong></span> <span class='ocrx_word' id='word_1_258' title='bbox 1381 3966 1391 4031; x_wconf 82' lang='grc' dir='ltr'>Ι</span> <span class='ocrx_word' id='word_1_259' title='bbox 1423 3965 1565 4016; x_wconf 81' lang='lat' dir='ltr'><strong>&#39;ritel</strong></span> <span class='ocrx_word' id='word_1_260' title='bbox 1612 3965 1665 4013; x_wconf 86' lang='lat' dir='ltr'><strong>in</strong></span> <span class='ocrx_word' id='word_1_261' title='bbox 1716 3966 1839 4015; x_wconf 84' lang='lat' dir='ltr'><strong>sehr</strong></span> <span class='ocrx_word' id='word_1_262' title='bbox 1886 3966 2109 4015; x_wconf 70' lang='lat' dir='ltr'><strong>schoner</strong></span> <span class='ocrx_word' id='word_1_263' title='bbox 2148 3964 2669 4030; x_wconf 82' lang='lat' dir='ltr'><strong>leisteneinfassung,</strong></span> <span class='ocrx_word' id='word_1_264' title='bbox 2712 3959 2794 4010; x_wconf 84' lang='lat' dir='ltr'><strong>mit</strong></span> 
     </span>
     <span class='ocr_line' id='line_1_36' title="bbox 473 4047 2789 4121; baseline -0.004 -16"><span class='ocrx_word' id='word_1_265' title='bbox 473 4054 676 4105; x_wconf 79' lang='lat' dir='ltr'><strong>allerlei</strong></span> <span class='ocrx_word' id='word_1_266' title='bbox 716 4055 997 4120; x_wconf 79' lang='lat' dir='ltr'><strong>grotesken</strong></span> <span class='ocrx_word' id='word_1_267' title='bbox 1035 4054 1238 4121; x_wconf 81' lang='lat' dir='ltr'><strong>figuren</strong></span> <span class='ocrx_word' id='word_1_268' title='bbox 1278 4054 1524 4116; x_wconf 83' lang='lat' dir='ltr'><strong>verziert,</strong></span> <span class='ocrx_word' id='word_1_269' title='bbox 1578 4061 1740 4104; x_wconf 87' lang='lat' dir='ltr'><strong>unten</strong></span> <span class='ocrx_word' id='word_1_270' title='bbox 1783 4054 1812 4102; x_wconf 76' lang='lat'>3</span> <span class='ocrx_word' id='word_1_271' title='bbox 1853 4052 2024 4104; x_wconf 89' lang='lat' dir='ltr'><strong>bilder</strong></span> <span class='ocrx_word' id='word_1_272' title='bbox 2075 4053 2169 4103; x_wconf 86' lang='lat' dir='ltr'><strong>mit</strong></span> <span class='ocrx_word' id='word_1_273' title='bbox 2207 4052 2307 4103; x_wconf 90' lang='lat' dir='ltr'><strong>den</strong></span> <span class='ocrx_word' id='word_1_274' title='bbox 2345 4052 2711 4103; x_wconf 79' lang='lat' dir='ltr'><strong>aussehriften:</strong></span> <span class='ocrx_word' id='word_1_275' title='bbox 2746 4047 2789 4095; x_wconf 91' lang='lat' dir='ltr'><strong>S.</strong></span> 
     </span>
     <span class='ocr_line' id='line_1_37' title="bbox 471 4134 2788 4207; baseline -0.004 -14"><span class='ocrx_word' id='word_1_276' title='bbox 471 4142 870 4195; x_wconf 80' lang='lat' dir='ltr'><strong>MAURIOIVS.</strong></span> <span class='ocrx_word' id='word_1_277' title='bbox 947 4143 996 4193; x_wconf 78' lang='lat' dir='ltr'><strong>S.</strong></span> <span class='ocrx_word' id='word_1_278' title='bbox 1049 4142 1432 4193; x_wconf 79' lang='lat' dir='ltr'><strong>MARTINVS.</strong></span> <span class='ocrx_word' id='word_1_279' title='bbox 1467 4142 1477 4207; x_wconf 84' lang='lat'>1</span> <span class='ocrx_word' id='word_1_280' title='bbox 1512 4141 1563 4191; x_wconf 81' lang='lat' dir='ltr'><strong>S.</strong></span> <span class='ocrx_word' id='word_1_281' title='bbox 1616 4140 2031 4193; x_wconf 63' lang='lat' dir='ltr'><strong>STEF‘FANVS.</strong></span> <span class='ocrx_word' id='word_1_282' title='bbox 2066 4143 2076 4207; x_wconf 85' lang='grc'>1</span> <span class='ocrx_word' id='word_1_283' title='bbox 2132 4146 2166 4190; x_wconf 83' lang='grc'>4</span> <span class='ocrx_word' id='word_1_284' title='bbox 2202 4140 2377 4207; x_wconf 81' lang='lat' dir='ltr'><strong>hogen</strong></span> <span class='ocrx_word' id='word_1_285' title='bbox 2425 4141 2495 4200; x_wconf 49' lang='lat' dir='ltr'><strong>iu„</strong></span> <span class='ocrx_word' id='word_1_286' title='bbox 2519 4139 2601 4203; x_wconf 82' lang='lat'><strong>4⁰,</strong></span> <span class='ocrx_word' id='word_1_287' title='bbox 2641 4140 2705 4198; x_wconf 78' lang='lat' dir='ltr'><strong>A,</strong></span> <span class='ocrx_word' id='word_1_288' title='bbox 2740 4134 2788 4195; x_wconf 89' lang='lat' dir='ltr'><strong>B,</strong></span> 
     </span>
     <span class='ocr_line' id='line_1_38' title="bbox 473 4221 2790 4295; baseline -0.004 -13"><span class='ocrx_word' id='word_1_289' title='bbox 473 4232 516 4282; x_wconf 85' lang='lat' dir='ltr'>C</span> <span class='ocrx_word' id='word_1_290' title='bbox 553 4230 588 4281; x_wconf 70' lang='lat' dir='ltr'><strong>a</strong></span> <span class='ocrx_word' id='word_1_291' title='bbox 625 4234 672 4294; x_wconf 79' lang='lat'><strong>6,</strong></span> <span class='ocrx_word' id='word_1_292' title='bbox 709 4231 758 4279; x_wconf 94' lang='lat' dir='ltr'>D</span> <span class='ocrx_word' id='word_1_293' title='bbox 797 4230 830 4279; x_wconf 73' lang='lat' dir='ltr'><strong>a</strong></span> <span class='ocrx_word' id='word_1_294' title='bbox 867 4231 898 4280; x_wconf 85' lang='lat'>5</span> <span class='ocrx_word' id='word_1_295' title='bbox 939 4230 1031 4281; x_wconf 89' lang='lat' dir='ltr'><strong>bll.</strong></span> <span class='ocrx_word' id='word_1_296' title='bbox 1107 4230 1205 4279; x_wconf 78' lang='lat' dir='ltr'><strong>Am</strong></span> <span class='ocrx_word' id='word_1_297' title='bbox 1245 4228 1398 4279; x_wconf 87' lang='lat' dir='ltr'><strong>ende:</strong></span> <span class='ocrx_word' id='word_1_298' title='bbox 1437 4230 1753 4295; x_wconf 81' lang='lat' dir='ltr'><strong>impresso-re</strong></span> <span class='ocrx_word' id='word_1_299' title='bbox 1791 4228 2073 4280; x_wconf 82' lang='lat' dir='ltr'><strong>Valentino</strong></span> <span class='ocrx_word' id='word_1_300' title='bbox 2100 4230 2368 4281; x_wconf 83' lang='lat' dir='ltr'><strong>Schuman</strong></span> <span class='ocrx_word' id='word_1_301' title='bbox 2405 4232 2554 4293; x_wconf 79' lang='lat' dir='ltr'><strong>Ayns</strong></span> <span class='ocrx_word' id='word_1_302' title='bbox 2592 4242 2625 4277; x_wconf 84' lang='lat' dir='ltr'><strong>a</strong></span> <span class='ocrx_word' id='word_1_303' title='bbox 2660 4221 2790 4275; x_wconf 82' lang='lat' dir='ltr'><strong>chri-</strong></span> 
     </span>
     <span class='ocr_line' id='line_1_39' title="bbox 473 4307 2788 4369; baseline -0.004 0"><span class='ocrx_word' id='word_1_304' title='bbox 473 4319 646 4369; x_wconf 78' lang='lat' dir='ltr'><strong>stiana</strong></span> <span class='ocrx_word' id='word_1_305' title='bbox 683 4316 853 4369; x_wconf 81' lang='lat' dir='ltr'><strong>salute</strong></span> <span class='ocrx_word' id='word_1_306' title='bbox 889 4317 1126 4367; x_wconf 86' lang='lat' dir='ltr'><strong>MDXVI</strong></span> <span class='ocrx_word' id='word_1_307' title='bbox 1165 4316 1340 4367; x_wconf 85' lang='lat' dir='ltr'><strong>Pridie</strong></span> <span class='ocrx_word' id='word_1_308' title='bbox 1377 4315 1501 4367; x_wconf 81' lang='lat' dir='ltr'><strong>Kal.</strong></span> <span class='ocrx_word' id='word_1_309' title='bbox 1537 4315 1708 4367; x_wconf 81' lang='lat' dir='ltr'><strong>Junii.</strong></span> <span class='ocrx_word' id='word_1_310' title='bbox 1785 4316 2047 4367; x_wconf 87' lang='lat' dir='ltr'><strong>Darunter</strong></span> <span class='ocrx_word' id='word_1_311' title='bbox 2083 4318 2166 4367; x_wconf 88' lang='lat' dir='ltr'><strong>ein</strong></span> <span class='ocrx_word' id='word_1_312' title='bbox 2203 4307 2788 4368; x_wconf 75' lang='lat' dir='ltr'><strong>buchdruckerzeiolien.</strong></span> 
     </span>
    </p>
   </div>
   <div class='ocr_carea' id='block_1_9' title="bbox 473 4385 2792 4545">
    <p class='ocr_par' dir='ltr' id='par_1_12' title="bbox 473 4385 2792 4545">
     <span class='ocr_line' id='line_1_40' title="bbox 473 4385 2792 4475; baseline -0.003 -21"><span class='ocrx_word' id='word_1_313' title='bbox 473 4405 608 4455; x_wconf 85' lang='lat' dir='ltr'><strong>Eine</strong></span> <span class='ocrx_word' id='word_1_314' title='bbox 629 4404 882 4463; x_wconf 75' lang='lat' dir='ltr'><strong>deutsche</strong></span> <span class='ocrx_word' id='word_1_315' title='bbox 908 4406 1262 4475; x_wconf 68' lang='lat' dir='ltr'><strong>ubersetzung</strong></span> <span class='ocrx_word' id='word_1_316' title='bbox 1293 4404 1535 4457; x_wconf 82' lang='lat' dir='ltr'><strong>erscbien</strong></span> <span class='ocrx_word' id='word_1_317' title='bbox 1560 4405 1613 4455; x_wconf 87' lang='lat' dir='ltr'><strong>iu</strong></span> <span class='ocrx_word' id='word_1_318' title='bbox 1643 4404 1945 4457; x_wconf 83' lang='lat' dir='ltr'><strong>demselben</strong></span> <span class='ocrx_word' id='word_1_319' title='bbox 1972 4404 2140 4473; x_wconf 83' lang='lat' dir='ltr'><strong>jahre.</strong></span> <span class='ocrx_word' id='word_1_320' title='bbox 2190 4404 2413 4474; x_wconf 79' lang='lat' dir='ltr'><strong>Leipzig</strong></span> <span class='ocrx_word' id='word_1_321' title='bbox 2444 4385 2531 4455; x_wconf 68' lang='lat' dir='ltr'><strong>bei</strong></span> <span class='ocrx_word' id='word_1_322' title='bbox 2558 4400 2792 4453; x_wconf 76' lang='lat' dir='ltr'><strong>Melcbior</strong></span> 
     </span>
     <span class='ocr_line' id='line_1_41' title="bbox 477 4491 708 4545; baseline 0.009 -2"><span class='ocrx_word' id='word_1_323' title='bbox 477 4491 708 4545; x_wconf 76' lang='lat' dir='ltr'><strong>Lotther.</strong></span> 
     </span>
    </p>
   </div>
   <div class='ocr_carea' id='block_1_10' title="bbox 2908 174 2928 4854">
    <p class='ocr_par' dir='ltr' id='par_1_13' title="bbox 2908 174 2928 4854">
     <span class='ocr_line' id='line_1_42' title="bbox 2908 174 2928 4854; baseline 0 0"><span class='ocrx_word' id='word_1_324' title='bbox 2908 174 2928 4854; x_wconf 95' lang='lat' dir='ltr'><strong> </strong></span> 
     </span>
    </p>
   </div>
  </div>
 </body>
</html>
