2950 5042
1535 409 1623 476 24

584 601 678 664 Eo
733 619 848 681 ego
897 593 1124 684 pacto:
1143 594 1609 683 colloquiorum
1654 599 1945 665 libellum
1982 603 2004 640 ²
2038 601 2206 666 hunc
2240 601 2496 684 collegi,
2546 620 2756 682 graece

410 706 739 789 latineque
788 705 1224 788 conscriptum
1271 706 1481 770 instar
1526 706 1683 771 Julii
1730 705 2012 770 Pollucis
2046 706 2071 744 ²
2124 706 2399 770 hominis
2445 706 2759 770 literatis-

415 810 580 886 simi,
627 807 803 874 unde
849 809 1126 891 graecula
1173 810 1384 897 possis
1430 810 1702 876 verbula
1749 809 2068 896 expiscari
2098 832 2243 876 cum
2288 817 2401 876 tuo
2446 811 2759 876 familiari

407 915 708 1000 Adolpho
744 912 920 980 Ocho
957 915 984 953 ³
1015 919 1212 998 atque
1245 920 1468 980 nostro
1502 917 1719 1001 potius
1751 916 2075 1002 quottidie
2123 916 2532 982 conferenda.
2625 916 2761 982 Sed
2800 977 2811 986 .

405 1027 645 1087 noctua
692 1020 984 1084 Athenas
1052 1020 1191 1085 sero
1257 1020 1432 1104 quod
1494 1021 1737 1088 Graecis
1810 1027 1912 1087 est
1987 1020 2381 1105 proverbinn
2456 1022 2808 1105 quotiens·

406 1125 825 1191 abundantiae
873 1125 1218 1209 quicqua-m
1266 1126 1602 1210 adjicitur3
1649 1133 1686 1200 ἡ
1737 1125 1845 1216 μζὲν
1889 1128 2176 1216 παροιμίαι
2224 1151 2366 1216 φησι
2404 1131 2647 1217 γλαῦκα
2679 1133 2763 1200 εἰς

404 1231 664 1306 Ἀθήνας
709 1230 755 1292 ⁴¹.
851 1231 1012 1296 Vale
1061 1230 1339 1296 feliciter
1385 1238 1452 1296 et
1499 1254 1656 1298 cura
1702 1253 2085 1315 permaneas
2131 1231 2413 1297 clemens
2458 1231 2646 1297 nobis
2692 1232 2762 1296 in

407 1337 603 1404 finem
647 1344 874 1421 usque.
965 1337 1064 1400 Ex
1109 1337 1507 1420 Stutgardia.
1606 1342 1795 1403 1489.

590 1451 620 1506 1
663 1467 744 1500 =
775 1445 1104 1505 Handschr.
1142 1446 1354 1521 Stuttg.
1387 1447 1445 1504 k.
1482 1454 1535 1506 ὃ.
1571 1446 1707 1506 bibl.
1742 1447 1905 1506 Poet.
1942 1454 2002 1507 et
2028 1447 2169 1522 phil.
2203 1448 2283 1507 76
2322 1445 2632 1522 (abschrift
2662 1446 2766 1505 des

406 1552 691 1612 Nikolaus
736 1548 1089 1626 Basellius);
1143 1556 1178 1610 2
1227 1573 1312 1604 =
1364 1551 1689 1612 Handschr.
1745 1552 1947 1628 Basel,
2002 1554 2157 1611 univ.
2209 1552 2347 1610 bibl.
2400 1552 2469 1610 F.
2524 1552 2623 1624 VI,
2680 1553 2765 1610 54

411 1649 724 1726 (abschrift
755 1657 856 1716 des
886 1659 1143 1717 Joannes
1175 1658 1365 1718 Draco
1399 1659 1691 1733 Spirensis
1730 1655 1925 1731 1498)
1959 1656 2058 1716 fol.
2097 1653 2217 1716 25b
2250 1657 2338 1714 bis
2370 1650 2511 1714 26b.

801 1911 804 1914 ,
1471 1835 1715 1904 XXIIb.
1800 1859 1821 1872 ·
2534 1913 2539 1917 ,

560 1927 836 1992 εωιιςαι·ι.
2618 1924 2693 1988 (r)

481 2046 914 2122 Reverendo
951 2045 1147 2148 patri
1185 2057 1257 2120 et
1292 2045 1565 2119 illustri
1604 2043 1905 2120 domino
1943 2046 2227 2122 Joanni
2268 2045 2701 2152 Camerario

487 2170 901 2270 Dalburgio
955 2168 1493 2244 Wormaciensi
1540 2167 1912 2271 Episcopo
1952 2171 2284 2245 Joannes
2320 2168 2701 2244 Reuchlin

1159 2292 1660 2367 Pfortzennsis
1698 2292 1771 2368 S.
1813 2322 1887 2395 p.
1931 2293 2001 2367 d.
2230 2285 2255 2310 ⁰
2504 2306 2513 2314 '

595 2447 934 2527 Solebant,
995 2447 1268 2514 illustris
1315 2446 1634 2532 pontifeX,
1698 2449 1977 2532 majores
2023 2447 2231 2513 nostri
2278 2467 2422 2512 cum
2472 2445 2555 2512 ad
2604 2465 2765 2511 aras

413 2553 633 2620 offerri
702 2553 1033 2632 libuisset,
1099 2553 1210 2618 alii
1271 2559 1497 2618 tauros
1562 2559 1635 2617 ut
1682 2555 1934 2619 Aeneas
1992 2552 2169 2639 apud
2231 2553 2583 2635 Vergilium
2648 2551 2767 2616 alii
2819 2567 2823 2574 ·

410 2679 612 2743 agnos
681 2665 756 2724 ut
803 2658 1062 2724 Atrides
1119 2658 1293 2742 apud
1355 2659 1742 2739 Homerum,
1801 2659 2096 2743 plerique
2146 2680 2377 2744 capros
2422 2663 2499 2722 ut
2550 2657 2770 2723 Abra-

412 2787 519 2830 am
554 2765 727 2850 apud
755 2765 1019 2849 Moysen
1053 2763 1079 2802 ⁵
1102 2771 1216 2829 aut
1240 2764 1516 2849 denique
1548 2764 1765 2830 vinum
1798 2786 1943 2830 cum
1974 2785 2143 2848 pane
2175 2772 2249 2829 ut
2279 2763 2767 2840 Melchisedech

411 2873 588 2958 apud
659 2871 931 2936 eundem
991 2869 1038 2950 ⁶,
1099 2872 1339 2954 partim
1403 2871 1599 2936 thura
1669 2892 1816 2936 cum
1877 2871 2217 2934 timiamite
2280 2877 2353 2934 ut
2398 2870 2767 2954 pytagoras

411 2979 586 3063 apud
629 2977 1094 3042 Philostratum
1131 2976 1174 3056 ⁷,
1234 2977 1469 3061 reliqui
1530 2965 1936 3060 placentulas
2004 2997 2149 3040 cum
2191 2974 2360 3042 lacte
2414 2981 2639 3058 presto
2692 2975 2770 3040 li-

412 3091 575 3148 tare.
678 3083 863 3148 Unde
925 3082 1308 3146 Buccolicon
1373 3082 1535 3146 illud
1609 3087 1792 3146 extat
1851 3080 2072 3146 Sinum
2130 3081 2319 3145 laetis
2381 3088 2448 3144 et
2505 3080 2645 3144 haec
2698 3087 2767 3145 te

414 3189 548 3254 liba
570 3189 614 3252 ⁸.
679 3193 1078 3271 caeterasque
1128 3187 1290 3253 duos
1321 3193 1607 3254 statuam
1648 3187 1769 3252 tibi
1799 3189 2053 3270 pinguis
2088 3186 2293 3251 ⁹'olivi
2332 3187 2400 3250 ¹⁰.
2461 3187 2597 3268 Ego
2631 3208 2767 3270 non

413 3316 580 3360 unus
627 3316 706 3358 ex
751 3294 1158 3358 minimorum
1204 3292 1401 3359 turba
1448 3293 1570 3358 tibi
1617 3315 1801 3359 sacro
1850 3293 2125 3357 antistiti
2172 3291 2439 3378 perinde
2486 3314 2562 3356 ac
2611 3291 2769 3358 doc-

415 3401 811 3464 tissimorum
870 3399 1199 3464 hominum
1258 3399 1379 3464 deo
1447 3401 1749 3483 cuiquam
1812 3399 1968 3482 quid
2028 3397 2294 3463 offeram
2359 3420 2485 3462 non
2547 3397 2765 3463 habeo

417 3506 542 3573 nisi
617 3528 907 3572 meorum
983 3505 1308 3590 quondam
1377 3506 1676 3571 laborum
1736 3504 2049 3584 decimaS,
2114 3505 2417 3570 videlicet
2470 3504 2639 3570 hanc
2698 3505 2766 3570 in

1575 3641 1611 3678 εκ

561 3723 584 3768 1
625 3718 749 3769 coll.
789 3717 906 3786 lib.]
977 3718 1089 3768 Das
1143 3719 1465 3769 schriftchen
1518 3719 1589 3766 ist
1634 3719 1749 3767 eine
1800 3717 2099 3782 sammlung
2151 3716 2353 3768 kleinex·
2402 3716 2768 3783 griechischer

414 3806 710 3872 gesprache
757 3809 853 3857 mit
901 3807 1352 3858 nebenstehendcr
1406 3808 1497 3857 lat.
1556 3807 1909 3872 iibersetzung
1957 3806 2092 3856 nach
2148 3814 2227 3856 art
2277 3806 2423 3855 eines
2478 3805 2765 3856 moder-nen

415 3896 705 3946 abcbuebs.
854 3900 882 3944 2
921 3895 1180 3964 Pollucis]
1231 3895 1464 3962 gemeint
1509 3897 1580 3946 ist
1629 3895 1815 3945 dessen
1864 3891 2223 3962 Ὀνομαστικδν
2282 3895 2399 3944 eine
2435 3894 2623 3944 schrift
2660 3911 2765 3944 von

416 3987 759 4050 ungemeiner
798 3983 1152 4050 wichtigkeit,
1193 3987 1309 4035 eine
1346 4000 1522 4034 masse
1561 3985 1652 4034 der
1688 3983 2081 4033 werthvollsten
2122 3983 2462 4034 nauhu-ichten
2499 3985 2633 4034 iiber
2670 3983 2765 4033 das

414 4071 748 4139 griechische
807 4073 914 4122 und
969 4074 1230 4124 romische
1287 4073 1567 4124 alterthum
1624 4072 1946 4123 enthaltend.
2032 4073 2186 4122 Scine
2238 4072 2515 4122 kenntniss
2566 4079 2764 4121 musste

414 4162 678 4212 chchlin
723 4163 818 4211 auf
849 4163 967 4211 eine
1007 4163 1337 4212 hundschrift
1375 4163 1470 4213 des
1507 4162 1708 4213 werkes
1748 4161 2008 4228 griinden,
2047 4161 2185 4210 denn
2225 4160 2311 4210 die
2349 4170 2487 4210 erste
2526 4161 2764 4226 ausgabe

418 4251 660 4300 erschien
702 4252 754 4299 in
800 4250 1034 4316 Venedig
1079 4254 1228 4300 1502.
1341 4255 1372 4302 3
1412 4251 1565 4302 Oeko
1602 4267 1646 4302 s.
1685 4267 1733 4300 0.
1776 4265 1827 4300 n.
1856 4249 1983 4298 XXI
2018 4265 2067 4299 u.
2092 4257 2269 4298 unten.
2380 4254 2411 4297 4
2441 4249 2537 4298 Als
2563 4249 2763 4314 spi-ich·

419 4347 551 4389 wort
586 4331 753 4389 sehon
793 4339 876 4390 bei
918 4339 1319 4405 Aristophanes,
1367 4342 1508 4390 Aves
1552 4343 1674 4390 301.
1784 4341 1841 4388 .5
1880 4339 2012 4389 Gen.
2052 4354 2163 4404 cap.
2213 4341 2293 4399 14,
2338 4340 2416 4388 18.
2560 4341 2589 4387 6
2632 4338 2760 4387 Gen.

416 4445 532 4494 cap.
567 4432 643 4489 15,
672 4414 721 4478 9‘.
833 4433 861 4476 7
903 4431 960 4478 In
991 4428 1081 4477 der
1106 4429 1294 4478 schrift
1330 4424 1390 4478 τὰ
1425 4423 1471 4486 ἐς
1508 4427 1593 4477 τὸν
1631 4425 1822 4478 Τυανεά
1860 4423 2216 4477 Ἀπολλώνιον.
2328 4428 2359 4475 8
2386 4425 2543 4492 Verg.
2578 4425 2757 4477 Bucol.

417 4517 518 4568 ecl.
561 4517 672 4581 Vll,
709 4534 758 4566 v.
798 4519 882 4568 33.
1051 4519 1080 4566 9
1120 4517 1296 4583 piguis
1351 4521 1394 4567 1.
1552 4519 1612 4567 10
1658 4515 1813 4583 Verg.
1856 4516 1981 4566 Buc.
2022 4515 2119 4567 ecl.
2163 4515 2225 4580 V,
2262 4515 2347 4564 68.
