2950 5042
1559 386 1697 452 300

775 584 945 666 Ergo
990 603 1109 665 age
1156 587 1223 646 et
1268 580 1544 648 hebraeis
1587 576 1963 661 sanctisque
2006 573 2305 641 incumbe
2349 571 2574 656 figuris

692 734 697 745 ι
788 713 793 718 ’
862 687 1122 772 Optime
1152 685 1411 765 collari,
1458 706 1588 771 quo
1637 685 1874 748 doceas
1919 679 2102 744 alies.

566 830 571 841 ·
636 796 737 860 hx
764 793 1060 860 Thermis
1106 791 1449 876 Harcyniis
1491 791 1687 858 cellae
1735 789 2139 854 Bacenarum
2185 785 2246 852 X
2301 731 2562 850 kalend⁶
2617 784 2789 868 quin-

456 901 676 967 titium
723 899 953 966 salutis
1000 919 1169 965 anno
1216 897 1599 965 MD.XV111.
2227 941 2234 946 -

442 1027 463 1038 “’
633 1025 961 1087 Gedruckt.·
990 1039 1081 1082 ===
1104 1026 1442 1103 Isagogicon
1491 1023 1563 1103 (s.
1611 1023 1762 1084 oben
1819 1039 1947 1082 nro.
2001 1015 2336 1098 CCLVIII.)
2383 1035 2420 1077 a
2468 1021 2564 1080 3⁸.
2605 1020 2610 1028 '

1495 1241 1767 1320 CCLXI.

598 1332 730 1397 zell,
2289 1329 2354 1376 22
2393 1324 2527 1376 «Iuni
2574 1325 2722 1375 1518.

603 1403 945 1515 Mut‘iano,
966 1419 1189 1500 -Rufo
1242 1417 1741 1498 amicissimo¹
1797 1417 1876 1522 [J
1880 1445 1946 1492 ο.
2005 1411 2400 1516 Reuchlin]
2453 1440 2513 1487 s.
2575 1412 2646 1486 d.

442 1647 451 1660 ‚
632 1567 868 1649 Quidni
914 1565 1150 1636 Rufe?
1182 1569 1283 1634 Tu
1329 1590 1430 1634 me
1462 1566 1725 1653 putabis
1771 1565 2052 1632 cruciari
2099 1563 2263 1631 adeo
2311 1560 2790 1650 cucullatorum

452 1674 793 1755 inorsibuS,
832 1682 907 1741 ut
938 1674 1090 1740 mihi
1122 1696 1249 1740 non
1281 1670 1576 1741 duxerim
1622 1663 2083 1762 indulgendum
2117 1670 2322 1754 genie.
2388 1667 2586 1734 Certe
2623 1665 2795 1732 Chri-

445 1780 831 1867 stophorum
866 1783 891 1820 ²
935 1779 1106 1846 hunc
1152 1789 1441 1847 nostrum
1492 1778 1722 1846 harum
1755 1785 2180 1855 ostensorem,
2227 1795 2383 1858 roga
2425 1772 2588 1858 quid
2637 1794 2790 1836 nunc

453 1886 686 1974 faciam
740 1886 805 1951 in
855 1883 1175 1970 Harciniis
1238 1882 1540 1972 scopulis,
1598 1883 1664 1949 in
1712 1883 1986 1949 Bacenis
2047 1881 2219 1946 inter
2283 1877 2781 1962 Hamadryadas,

453 1981 537 2056 ad
584 1991 756 2057 latus
804 1989 1070 2076 Najadis
1108 1989 1133 2030 ³
1178 1993 1485 2077 speciosae
1533 1987 1867 2056 versamur
1928 1983 2113 2054 obliti
2163 1985 2456 2069 picarum
2506 1983 2772 2069 injurias.

456 2096 845 2162 Balneamur
910 2099 974 2164 in
1039 2096 1316 2181 publicis
1393 2097 1698 2174 thermis,
1779 2093 2135 2159 deserimus
2221 2091 2443 2157 literas
2513 2089 2634 2156 sed
2681 2110 2788 2154 non

454 2203 943 2288 philosophiam.
992 2203 1154 2270 Cum
1202 2204 1461 2269 virtutis
1495 2201 1734 2270 decoro
1778 2199 2052 2265 affamur
2089 2195 2491 2283 juvenculas,
2539 2195 2794 2281 quando

457 2309 855 2375 thermarum
902 2309 1003 2375 hic
1050 2331 1189 2375 mos
1238 2316 1355 2375 est.
1424 2309 1526 2373 Nil
1574 2308 1969 2372 intent-atum
2014 2303 2219 2385 nostri
2268 2302 2520 2388 liquere
2567 2309 2799 2386 poetae,

456 2435 574 2480 nec
626 2411 745 2480 nos
799 2415 1166 2500 linquimus.
1260 2412 1634 2480 Gaudemus
1705 2433 1853 2477 cum
1914 2407 2324 2494 gaudendum
2390 2413 2495 2474 est
2521 2457 2540 2488 ‚
2607 2409 2800 2474 etiam

446 2521 697 2626 aegroti.
788 2519 943 2588 Haec
1024 2519 1142 2587 tibi
1217 2519 1586 2587 recensebit
1648 2515 2180 2600 Christophorus,
2253 2515 2362 2608 qui
2431 2513 2799 2584 studiorum

449 2646 687 2716 amore
704 2625 1063 2724 perculsus,
1111 2625 1191 2692 de
1227 2626 1585 2712 longinquo
1621 2645 1736 2690 nos
1781 2622 2059 2688 accessit
2105 2642 2253 2688 cum
2301 2620 2551 2704 collega
2605 2629 2679 2688 et
2709 2622 2802 2688 iti·

454 2731 627 2795 neris
666 2731 901 2796 comite
932 2729 1215 2798 Iohanne
1248 2731 1528 2799 Cellario
1560 2715 2158 2814 Gnostopolitano⁴‚
2194 2719 2513 2792 bonarum
2555 2729 2802 2794 artium

454 2836 647 2903 simili
693 2835 961 2905 cultore.
1007 2843 1075 2902 ct
1118 2837 1183 2900 in
1232 2837 1389 2922 ipsis
1424 2836 1693 2905 Bacenis
1741 2857 1858 2900 nos
1904 2834 2222 2914 conveni&
2271 2854 2416 2900 cum
2449 2833 2634 2901 domi
2685 2857 2803 2900 non

452 2947 693 3026 posset.
786 2943 949 3008 Eum
1012 2942 1131 3009 tibi
1195 2942 1592 3023 commende,
1656 2949 1729 3010 ut
1795 2923 2203 3008 contubernii
2270 2939 2580 3009 litterarii
2660 2963 2806 3008 con-

456 3049 773 3132 scriptum
802 3047 1118 3114 cultorem
1142 3055 1210 3115 et
1240 3048 1770 3114 neacadamicum
1795 3046 2134 3134 sapientise
2159 3051 2521 3114 amatorem
2557 3043 2606 3110 ⁵.
2663 3047 2806 3112 Bal-

462 3141 733 3218 nearum
790 3159 1051 3220 coartat
1092 3154 1187 3220 vis
1235 3155 1544 3238 digitulos
1577 3155 1622 3234 ὅ,
1653 3176 1771 3220 nec
1817 3154 1998 3220 ultra
2043 3151 2294 3218 calamo
2342 3152 2590 3218 servire
2645 3154 2806 3238 pati-

455 3267 582 3324 tur.
675 3259 889 3338 Quare
934 3260 1129 3344 paulo
1176 3269 1327 3344 post
1372 3282 1518 3327 cum
1563 3260 1833 3327 dabitur
1878 3241 2131 3325 occasio
2189 3257 2276 3324 ad
2322 3264 2390 3324 te
2437 3258 2806 3325 scribemus

456 3365 671 3432 latius.
765 3365 1246 3432 Illustrissimus
1301 3389 1509 3451 nuper
1554 3367 1929 3434 Fridericus
1985 3365 2118 3430 dux
2163 3371 2378 3431 vester
2423 3364 2511 3453 ad
2561 3386 2688 3432 nos
2720 3367 2804 3432 bi-

1611 3513 1646 3551 31<

458 3605 471 3612 ’
604 3589 624 3651 i
668 3597 840 3653 Amic.
878 3602 1079 3671 ausgel.
1118 3607 1169 3654 2.
1207 3603 1293 3654 Jo.
1338 3605 1393 3654 R.
1434 3601 1528 3653 Ph.
1556 3599 1906 3671 hinzugei'iigt
1933 3607 1992 3665 ²3
2031 3621 2073 3655 s.
2115 3610 2164 3654 2.
2313 3608 2341 3654 2
2383 3604 2802 3672 christophorus

454 3692 653 3752 Hucus,
691 3691 789 3743 mir
836 3707 935 3742 nur
972 3691 1136 3742 durch
1186 3691 1331 3744 diese
1370 3691 1725 3758 erwiibnung,
1767 3693 1863 3742 wie
1901 3709 1998 3743 aus
2037 3693 2247 3758 einigen
2288 3693 2341 3742 in
2380 3693 2473 3743 der
2511 3701 2682 3746 unteu
2722 3712 2804 3744 an·

451 3780 730 3845 gefiihrten
770 3780 1069 3846 snmmlung
1109 3780 1307 3831 diesem
1344 3781 1512 3832 briefe
1550 3780 2003 3830 voranstehenden
2045 3781 2151 3830 und
2194 3781 2476 3847 folgenden
2519 3783 2803 3848 gediehten

450 3869 559 3919 und
596 3869 796 3919 briefen
838 3856 943 3920 des*
966 3869 1211 3920 Euricius
1250 3855 1689 3932 Cordus,'130ban
1717 3869 1886 3919 Hesse
1923 3867 2032 3944 und
2069 3869 2314 3931 Huttens,
2353 3869 2604 3922 letzteres
2647 3871 2802 3938 abge-

453 3957 643 4008 druckt
680 3959 732 4007 in
778 3959 991 4010 Hutteni
1031 3972 1205 4024 opera,
1244 3953 1325 4009 ed.
1367 3958 1607 4023 Bsscking
1643 3957 1696 4020 1,
1734 3973 1774 4008 s.
1827 3959 1946 4020 239,
1983 3957 2229 4008 bekannt.
2307 3959 2650 4010 Camerarius
2689 3977 2802 4010 nar-

450 4047 585 4096 ratio
636 4045 700 4096 de
740 4047 959 4097 Ecbano
1001 4048 1175 4097 Hesse
1227 4054 1388 4096 nennt
1439 4047 1530 4096 ihn
1585 4058 1738 4094 unter
1790 4045 1889 4095 den
1941 4045 2195 4096 freunden
2249 4047 2464 4097 Eobans
2519 4047 2629 4098 und
2687 4057 2802 4115 sagt

451 4149 553 4184 von
594 4134 699 4184 ihm
742 4135 807 4200 (B
845 4136 928 4200 Sb)
966 4135 1053 4201 qui
1084 4134 1303 4186 medicis
1332 4133 1654 4186 carminibus
1695 4132 1952 4185 faciendis
1981 4136 2262 4200 praestabat
2303 4135 2604 4201 aequalibus
2637 4140 2800 4189 emni-

450 4220 567 4272 bus.
661 4223 1115 4274 Wahrscheinlich
1168 4239 1233 4274 an
1291 4224 1576 4276 denselben
1632 4222 1864 4274 schreibt
1907 4223 2280 4274 Melanchthon
2329 4226 2557 4290 (1538‘0
2610 4242 2800 4293 corpus

452 4312 851 4366 reformatorum
898 4312 1005 4374 ΙΙΙ,
1056 4311 1161 4362 col.
1216 4315 1319 4362 483
1360 4329 1441 4378 sq.
1495 4327 1602 4362 nro.
1649 4314 1800 4364 1647.
1949 4317 1978 4362 3
2019 4311 2202 4364 Naidis
2239 4317 2286 4363 2.
2432 4319 2465 4363 4
2503 4314 2623 4380 vgl.
2665 4316 2800 4366 oben

453 4415 565 4468 nro.
628 4399 887 4450 CCLVIII
940 4399 1047 4450 und
1074 4399 1331 4460 ceux,
1376 4401 1796 4469 ‘Gnospolitano
1859 4407 1902 4452 1.
1991 4403 2098 4455 Das
2154 4409 2284 4460 ποτε
2347 4402 2698 4477 meg-elaeusa
2752 4408 2796 4460 2.

452 4488 487 4538 ὂ
530 4487 597 4538 Et
622 4522 633 4535 .
658 4521 672 4536 .
700 4494 853 4542 amat.
894 4487 1095 4563 ausgel.
1126 4492 1173 4548 2,
1320 4491 1351 4552 C»
1392 4489 1662 4553 articulos
1691 4494 1740 4552 2,
