2950 5042
1305 415 1393 488 29

1195 698 1493 766 XXVIII.

339 812 570 863 mon-uz.
1716 877 1724 885 ·
2047 815 2079 862 5
2116 812 2247 862 Juni
2298 813 2445 866 1⁴91.

213 948 336 1020 Pro
395 948 416 994 ¹
477 948 1066 1024 adolescentibus
1135 975 1175 1022 e
1229 947 1501 1024 Suevia
1564 947 1802 1022 missis
1866 947 1965 1022 ad
2034 948 2517 1028 Academiam

213 1069 634 1146 Florentiam
701 1070 1102 1174 [Marsilius
1166 1069 1493 1174 Ficinus]
1562 1071 1947 1146 Ludovico
2010 1071 2381 1148 Nauclero
2448 1087 2521 1150 et

427 1193 708 1270 Joanni
745 1194 1148 1272 Phorcensi
1186 1192 1578 1268 Germanis
1616 1193 1669 1268 J
1672 1194 2175 1270 urisconsultis
2214 1195 2265 1270 ².

365 1369 652 1434 Scribitis
712 1369 800 1434 ad
857 1391 975 1436 nos
1039 1377 1386 1455 vestroque
1449 1370 1704 1436 nomine
1766 1370 2129 1438 Germaniae
2184 1371 2513 1458 principes

217 1473 568 1539 Florentiam
633 1475 1087 1543 adolescentes
1144 1475 1534 1542 erudiendos
1590 1482 1903 1563 tanquam
1974 1477 2059 1543 ad
2118 1477 2515 1544 academiam

216 1577 379 1657 filios,
421 1581 612 1647 immo
646 1601 726 1645 ex
757 1583 1096 1652 academia
1127 1582 1384 1647 mittere
1419 1581 1780 1662 videamini,
1830 1591 2025 1667 atque
2052 1585 2225 1668 apud
2259 1591 2519 1650 exteras

217 1686 471 1749 nationes
530 1686 908 1770 perquirere
973 1687 1153 1752 vobis
1189 1688 1328 1771 jam
1377 1687 1799 1754 domesticam
1847 1687 2269 1773 disciplinam.
2363 1689 2518 1768 Quae

217 1811 397 1854 rerum
428 1791 800 1856 vicissitudo
827 1793 968 1856 est?
1015 1791 1339 1870 Quantum
1358 1792 1710 1858 insolentes
1736 1792 2043 1878 plaerique
2066 1815 2244 1858 more
2269 1793 2517 1878 sophis-

217 1900 394 1960 tarum
433 1896 648 1962 aliena
694 1903 935 1962 temere
979 1895 1384 1980 profitentur,
1431 1903 1687 1963 tantum
1737 1918 1846 1964 vos
1888 1896 2348 1964 modestissimi
2396 1899 2517 1964 viri

216 1999 294 2062 vel
333 2002 588 2085 propria
648 2001 783 2067 ritu
827 2002 1147 2068 socratico
1194 1999 1585 2080 diffitemini,
1642 2001 1765 2068 hoc
1822 2023 1957 2086 prae
2018 2004 2254 2070 ceteris
2312 2002 2519 2071 admi-

216 2105 368 2170 randi
399 2105 568 2190 quod
602 2127 800 2190 quam
845 2106 1098 2172 curiose
1143 2107 1330 2172 multi
1379 2106 1637 2190 lapillos
1681 2111 1875 2172 terrae
1908 2107 2263 2174 visceribus
2295 2131 2519 2176 recon-

214 2209 354 2274 ditos
382 2217 891 2295 perscrutantur,
925 2218 1060 2278 tam
1089 2218 1396 2278 accurate
1426 2233 1540 2278 vos
1572 2210 1891 2278 caelestem
1936 2213 2269 2297 sapientiae
2308 2213 2519 2298 splen-

213 2314 403 2380 dorem
456 2317 698 2401 ubique
755 2318 1040 2400 gentium
1102 2317 1584 2402 prosequimini.
1675 2316 2107 2394 Quamobrem
2152 2317 2517 2384 incredibili

211 2421 462 2504 quodam
507 2441 730 2487 amore
792 2443 947 2506 erga
1002 2443 1115 2487 vos
1162 2421 1400 2502 affecti,
1463 2421 1951 2488 adolescentum
1998 2429 2362 2488 vestrorum
2411 2444 2519 2488 cu-

211 2528 463 2610 rampia
509 2532 724 2593 mente
772 2514 1190 2612 suscepimus,
1237 2534 1305 2594 et
1350 2528 1415 2592 in
1463 2527 1689 2611 primis
1734 2527 1968 2610 insigni
2000 2527 2243 2612 pietate
2278 2527 2519 2612 hospiti

210 2633 796 2712 commendavimus,
856 2633 1282 2718 dabimusque
1341 2633 1553 2698 indies
1598 2653 1899 2716 operam,
1961 2638 2034 2697 ut
2080 2653 2233 2716 ager
2279 2641 2518 2698 natura

210 2734 416 2804 fertilis
476 2737 727 2822 frugem
772 2737 1160 2824 quandoque
1222 2737 1517 2822 proferat
1574 2735 2055 2802 foelicissimam.
2145 2737 2275 2802 Vos
2320 2738 2520 2820 igitur

211 2839 354 2908 bono
406 2843 621 2907 animo
670 2849 879 2908 estote
937 2850 1003 2908 et
1056 2844 1456 2928 principibus
1505 2844 1737 2907 vestris
1794 2848 2015 2905 nostro
2070 2843 2326 2908 nomine
2386 2863 2518 2908 res·

214 2947 483 3027 pondete‚
531 2950 1007 3030 magnanimum
1038 2949 1459 3016 Laurentium
1495 2948 1809 3013 Medicem
1841 2949 2025 3032 cujus
2073 2954 2139 3012 et
2169 2947 2292 3030 ipsi
2325 2946 2521 3012 clien-

215 3055 296 3115 tes
337 3074 554 3117 sumus
609 3052 1091 3118 adolescentum
1145 3054 1599 3138 prividentiam
1656 3053 2079 3119 libentissime
2136 3052 2516 3137 suscepisse.

219 3160 247 3218 5
287 3157 448 3222 Junii
487 3162 674 3223 1491.
765 3157 842 3222 In
873 3179 1027 3242 agro
1077 3159 1370 3242 Caregio.

373 3272 401 3326 1
453 3287 536 3324 τ·-
580 3267 842 3342 Epistole
884 3269 1132 3328 Marsilii
1173 3269 1360 3328 Ficini
1401 3270 1410 3347 Ι
1451 3269 1792 3328 Florentini.
1868 3269 1981 3326 Am
2022 3267 2269 3328 schluss:
2316 3267 2398 3327 M.
2448 3267 2517 3327 F.

219 3368 469 3432 Floretini
513 3374 940 3446 Eloquetissimi
984 3375 1104 3434 uiri
1143 3375 1402 3448 Epistole
1441 3373 1753 3434 familiares
1796 3373 2066 3433 foeliciter
2106 3373 2342 3432 finiunt:
2405 3373 2517 3430 Im·

220 3493 368 3549 pensa
409 3478 747 3552 Hieronymi
774 3479 987 3538 Blondi
1029 3480 1351 3538 Florentini
1393 3523 1406 3538 .
1532 3481 1805 3552 impresse
1854 3479 2109 3538 Venetiis
2142 3523 2155 3536 .
2180 3523 2193 3536 .
2216 3523 2230 3537 .
2310 3477 2419 3536 Die
2462 3485 2523 3536 et

221 3579 337 3640 hora
378 3581 677 3643 Mercurii:
720 3585 929 3658 Vigilia
971 3585 1108 3645 Divi
1154 3583 1420 3659 Gregorii
1461 3601 1614 3644 anno
1654 3584 1856 3642 salutis
1900 3581 2516 3642 MCCCCLXXXXV.

221 3681 298 3745 fol.
329 3686 632 3748 CLXXVI.
699 3693 735 3750 2
773 3711 856 3744 =
887 3689 952 3750 G.
988 3707 1040 3750 v.
1074 3706 1123 3751 e.
1157 3689 1197 3749 b
1237 3683 1308 3749 lb
1341 3706 1460 3764 sq.;
1509 3693 1543 3750 3
1581 3711 1666 3744 =
1696 3690 1752 3750 J.
1785 3707 1838 3750 v.
1874 3705 1925 3749 e.
1958 3707 1994 3750 a
2028 3692 2126 3762 4³¹3
2176 3692 2215 3746 4
2247 3705 2331 3742 =
2363 3685 2427 3745 C.
2463 3703 2517 3746 v.

223 3806 262 3849 e.
289 3786 470 3854 11f01.'
499 3795 587 3854 5⁸·
609 3789 663 3854 b.

1338 3948 1375 3994 Ἰ

351 4078 372 4126 1
407 4072 508 4130 Pro
547 4092 600 4128 u.
639 4090 682 4128 s.
721 4089 783 4128 w.
821 4072 1164 4141 ansgelassen
1207 4079 1254 4126 2.
1295 4079 1342 4128 8.
1381 4077 1434 4129 4.
1570 4075 1598 4128 2
1638 4071 1937 4126 Aufschrift
1972 4073 2026 4124 in
2073 4079 2121 4126 2.
2160 4075 2207 4124 3.
2248 4077 2296 4125 4.
2337 4074 2522 4124 Marsi·

223 4153 309 4212 lius
343 4163 549 4216 Ficinus
597 4165 937 4216 Florentinus
985 4163 1181 4216 Joanni
1231 4165 1488 4216 Renehlin
1542 4164 1835 4214 Phor-censi
1882 4171 1936 4214 et
1984 4163 2253 4213 Luderico
2293 4162 2522 4224 (Ludov.

226 4249 284 4311 3).
333 4252 582 4305 Nauclcro
621 4255 914 4305 Germania
950 4252 1358 4304 Jurisconsultis
1405 4253 1455 4304 S.
1532 4239 1676 4304 schr
1714 4253 1787 4303 M.
1828 4252 1883 4300 1⁴².
1922 4251 2031 4315 vgl.
2074 4252 2212 4299 Bahr
2256 4253 2309 4298 in
2356 4251 2522 4300 Erech

226 4337 313 4386 und
347 4342 544 4392 Gru-uber
580 4345 623 4405 1,
661 4345 728 4392 44
769 4359 810 4392 s.
856 4349 878 4391 1
919 4341 1002 4392 bis
1046 4345 1105 4392 18
1146 4341 1252 4391 und
1291 4342 1570 4403 Reumont,
1622 4340 1854 4390 Lorenzo
1910 4338 1989 4388 de’
2028 4337 2221 4386 Medici
2270 4338 2333 4398 ΙΙ,
2374 4349 2413 4385 s.
2456 4338 2520 4384 27

227 4422 294 4474 bis
326 4431 400 4478 40.
533 4434 562 4480 3
604 4433 634 4482 8
673 4427 824 4480 Junii
861 4435 907 4480 2.
949 4435 996 4480 4.
1057 4429 1202 4480 Nach
1245 4433 1570 4494 suscepisse:
1616 4429 1795 4478 Valetc
1835 4430 1881 4478 3.
1923 4427 2099 4478 datum
2138 4425 2242 4474 und
2282 4431 2367 4473 ort
2404 4437 2521 4474 aus-

229 4513 438 4578 gelassen
478 4521 522 4571 3.
564 4519 845 4570 Florentiae
881 4518 1242 4584 hinzugefiigt.
1283 4521 1331 4568 2.
1374 4522 1424 4568 4.
