2950 5042
1232 424 1359 493 153

160 612 529 695 synceritate,
574 612 930 682 secundum
974 612 1148 700 quod
1196 612 1377 682 vobis
1408 611 1617 681 visum
1658 612 1763 694 sit,
1809 632 1912 680 me
1942 613 2455 699 expurgaverim.

162 716 267 783 Ubi
304 717 581 801 profecto
628 719 835 787 latere
879 740 1005 785 non
1050 726 1271 804 potest
1304 721 1345 800 ¹,
1388 717 1508 787 sed
1568 740 1640 786 se
1686 720 1893 804 ipsam
1939 718 2130 805 plane
2171 719 2460 788 ostendit

158 820 349 903 ingens
388 824 591 891 virtus
637 824 1021 891 humilitatis
1067 830 1325 906 vestrae,
1372 824 1489 909 qui
1535 829 1610 892 ut
1655 823 1988 890 unanimes
2039 824 2213 890 idem
2241 824 2453 910 ipsum

160 927 493 1009 sentiamus,
536 929 701 995 nihil
743 950 863 1013 per
906 930 1405 1011 contentionem,
1452 948 1662 1015 neque
1709 948 1830 1013 per
1869 929 2132 996 inanem
2176 929 2448 1013 gloriam

160 1032 212 1095 in
250 1054 389 1099 vera
430 1034 695 1119 quidem
740 1033 1109 1101 humilitate
1154 1056 1197 1102 a
1240 1056 1343 1101 me
1392 1034 1664 1121 poscitis
1719 1033 2100 1101 ulteriorem
2161 1034 2459 1101 declara-

159 1139 362 1204 tionem
406 1140 539 1205 sive
586 1138 1126 1221 informationem,
1170 1145 1247 1206 ut
1288 1140 1498 1207 literae
1527 1144 1760 1207 vestrae
1800 1147 2035 1205 sonant
2065 1140 2108 1220 ²,
2158 1160 2274 1225 ego
2306 1160 2456 1207 vero

158 1263 475 1326 agnoscens
522 1243 761 1327 ingenii
806 1243 935 1311 mei
980 1244 1365 1311 tenuitatem
1387 1294 1403 1325 ,
1460 1243 1635 1330 quod
1681 1245 1892 1311 sentio
1939 1266 2134 1329 quam
2189 1244 2276 1311 sit
2329 1245 2460 1311 exi-

161 1368 319 1429 guum
332 1398 347 1428 ,
405 1349 733 1433 explicare
790 1347 1185 1433 theologicas
1244 1348 1644 1417 subtilitates
1703 1350 1860 1415 mihi
1920 1356 2232 1436 tanquam
2289 1350 2456 1419 laico

161 1458 213 1517 et
250 1454 501 1538 quidem
548 1454 803 1537 digamo
837 1453 864 1494 ⁸
908 1460 1157 1521 temere
1203 1474 1331 1520 non
1378 1474 1797 1539 arrogavero,
1843 1456 1950 1521 cui
1995 1456 2458 1542 explicationes

155 1555 276 1622 fidei
337 1564 403 1625 et
464 1558 833 1643 singulares
900 1559 1041 1643 ejus
1106 1558 1463 1627 decisiones
1535 1565 1714 1627 recte
1771 1560 1996 1628 licebit
2059 1562 2198 1629 sine
2263 1560 2458 1647 culpa

153 1662 435 1745 ignorare.
508 1652 533 1661 “
1495 1649 1504 1657 ’
2217 1726 2224 1733 .

296 1768 539 1835 Defero
592 1773 813 1835 autem
868 1790 1125 1841 omnem
1180 1767 1626 1855 hujuscemodi
1687 1770 1997 1838 honorem
2053 1771 2454 1839 excellentis-

150 1870 295 1939 simae
360 1872 668 1939 facultati
724 1880 983 1955 vestrae,
1043 1880 1315 1959 paratus
1368 1895 1538 1940 nunc
1601 1880 1670 1941 et
1731 1862 2020 1961 semper,
2085 1877 2454 1961 ubicunque

151 1979 503 2058 erraverim,
567 1977 842 2062 benigne
916 1979 1134 2064 potius
1210 1978 1445 2063 corrigi
1517 1980 1584 2047 in
1651 1981 2100 2049 misericordia
2153 2004 2195 2048 a
2256 1984 2456 2067 justo,

152 2102 315 2165 quam
358 2089 444 2149 ut
488 2088 689 2168 caput
732 2104 949 2149 meum
993 2084 1351 2169 impinguet
1395 2084 1610 2151 oleum
1669 2088 2051 2172 peccatoris.
2144 2086 2331 2167 Quod
2377 2108 2458 2153 ex

148 2206 207 2251 eo
254 2189 533 2255 maxime
576 2194 803 2273 patere
850 2194 1097 2274 potest,
1143 2190 1326 2275 quia,
1372 2210 1520 2255 cum
1558 2192 1696 2276 Jam
1743 2214 1824 2258 ex
1868 2192 2088 2260 libello
2134 2192 2453 2260 Johannis

146 2290 523 2381 Pfefferkorn
556 2296 586 2334 ⁴
646 2293 1094 2360 intellexeram
1152 2294 1465 2388 quosdam
1522 2296 1790 2380 pusillos
1849 2296 2068 2364 forsan
2127 2303 2195 2364 et
2241 2297 2452 2363 minus

144 2398 449 2481 perfectos
496 2397 873 2465 scandalum
917 2400 1209 2483 potuisse
1238 2400 1397 2484 pati,
1444 2402 1782 2467 occasione
1813 2402 2068 2469 consilii
2099 2401 2227 2469 mei
2255 2408 2453 2468 antea

142 2522 239 2585 per
294 2504 791 2571 renunciatores
850 2503 1193 2587 publicati,
1254 2512 1395 2572 tum
1428 2506 1455 2545 ⁵
1511 2528 1661 2574 mox
1716 2507 1856 2591 ipse
1903 2528 2048 2591 ego,
2109 2528 2152 2573 a
2194 2506 2448 2575 nemine

140 2607 513 2674 adhortatus
530 2658 545 2689 ,
606 2614 873 2675 coactns
928 2615 1047 2675 ant
1091 2612 1471 2695 requisitus,
1533 2619 1814 2679 mentem
1872 2632 2084 2677 meam
2129 2610 2456 2677 declaravi

138 2710 331 2795 latine,
381 2720 659 2799 paratus
702 2721 857 2780 tunc
904 2714 1163 2782 easdem
1210 2715 1682 2784 declarationes
1725 2717 1794 2781 in
1839 2716 2060 2799 lingua
2105 2713 2456 2781 vernacula

139 2823 193 2882 et
229 2820 480 2904 vulgari
526 2820 719 2886 edere
754 2820 797 2901 ⁶,
844 2820 968 2886 nisi
1012 2821 1333 2888 brevitate
1379 2824 1692 2907 temporis
1747 2826 1816 2887 et
1873 2818 2282 2906 impresseris
2335 2820 2454 2883 im-

138 2924 491 3004 pedimento
552 2925 815 2992 fuissem
876 2926 1283 3007 retardatus,
1338 2925 1425 2993 ad
1473 2927 1648 3012 quod
1695 2926 1896 2994 etiam
1942 2924 2134 2992 hodie
2179 2930 2449 3008 paratus

138 3029 346 3109 existe,
388 3030 541 3097 inde
588 3052 875 3115 sperans,
920 3029 1351 3114 probabiliter
1381 3033 1557 3117 quod
1601 3054 1720 3116 per
1765 3052 1876 3098 eas
1927 3030 2350 3115 erigerentur,
2397 3028 2454 3095 si

140 3134 233 3215 qui
290 3135 461 3201 forte
518 3135 930 3214 cecidissent,
997 3156 1117 3203 nec
1179 3136 1259 3201 de
1312 3142 1548 3203 caetero
1609 3158 1830 3205 casum
1891 3142 2272 3221 paterentur
2339 3135 2454 3221 qui

140 3244 389 3305 starent.

298 3346 463 3423 Quia
526 3366 677 3411 vero
736 3347 1103 3413 uberiorem
1177 3346 1684 3415 declarationem
1741 3345 2184 3432 desyderatis,
2255 3346 2449 3413 facile

136 3449 403 3535 intelligo
462 3470 567 3515 me
626 3452 943 3535 propositi
998 3453 1125 3519 mei
1186 3433 1381 3519 {inem
1443 3473 1572 3519 non
1635 3473 1776 3519 esse
1825 3458 2262 3519 consecutum.
2360 3451 2452 3518 Ut

140 3555 321 3637 igitur
361 3556 665 3641 petitioni
709 3562 940 3623 vestrae
985 3579 1105 3642 pro
1150 3579 1298 3623 mea
1346 3556 1514 3622 virili
1559 3556 1980 3636 satisfaciam,
2027 3563 2095 3622 et
2140 3556 2448 3623 circuitus

137 3660 400 3727 vitentur
453 3662 713 3740 inanes,
770 3668 837 3727 et
880 3663 1131 3729 itineris
1187 3663 1361 3749 longi
1406 3662 1587 3728 varia
1643 3666 1996 3727 caveantur
2055 3659 2444 3739 discrimina,

140 3763 434 3851 simulque
480 3766 747 3831 inutiles
794 3788 1091 3853 expensae
1138 3789 1215 3834 ac
1261 3767 1648 3853 supervacui
1691 3766 1952 3833 labores
1999 3764 2148 3830 hinc
2197 3769 2264 3830 et
2301 3764 2452 3830 inde

138 3868 447 3951 tollantur,
480 3875 767 3936 vestrum
799 3873 971 3938 omni
1012 3874 1206 3940 laude
1240 3872 1686 3957 dignissimum
1718 3876 1785 3937 et
1815 3870 2295 3937 ornatissimum
2325 3867 2453 3934 col-

1252 4006 1289 4045 ⁸

266 4095 286 4140 1
324 4090 515 4143 Latere
551 4106 659 4143 non
698 4097 869 4159 potest
905 4092 990 4144 bie
1026 4096 1347 4160 praeconium
1386 4094 1446 4160 (f.
1481 4098 1548 4164 s.)
1586 4093 1640 4143 in
1671 4091 1950 4145 Reuchlini
1989 4090 2228 4143 defensio
2267 4094 2454 4142 contra

138 4172 525 4229 calumniatores
564 4179 913 4231 colonienses
944 4182 1004 4232 1⁴³.
1040 4181 1191 4251 (def.)
1234 4181 1238 4185 ’
1337 4188 1366 4233 2
1413 4184 1551 4233 Statt
1599 4180 2010 4233 declarationem
2037 4214 2050 4231 .
2077 4214 2092 4229 .
2130 4184 2320 4229 sonant
2353 4192 2454 4229 nur

138 4262 536 4321 informationem
570 4272 614 4318 1.
642 4271 689 4318 2.
721 4270 769 4317 3.
796 4267 901 4319 def.
1020 4271 1050 4319 3
1079 4270 1303 4335 Digamo
1344 4269 1452 4337 vgl.
1485 4270 1622 4321 oben
1651 4274 1714 4319 2⁷
1741 4268 1875 4319 Juni
1909 4268 2038 4318 1502
2066 4280 2177 4316 nro.
2205 4264 2454 4316 LXXXII

140 4353 443 4420 anmerkung
468 4356 517 4405 6.
640 4359 671 4404 4
713 4355 939 4423 Libello]
967 4356 1331 4423 handspiegel.
1464 4357 1498 4407 5
1535 4356 1734 4407 Tamen
1761 4356 1846 4406 fiir
1869 4360 1980 4405 tum
2007 4352 2110 4404 def.
2220 4356 2251 4403 6
2292 4354 2452 4405 Diese

140 4434 465 4507 erklarungen
492 4442 801 4493 ersohienen
836 4443 1055 4496 <leutsch
1083 4449 1191 4497 erst
1228 4460 1311 4498 aru
1338 4447 1402 4497 22
1433 4444 1578 4497 Mara
1601 4444 1764 4497 1512.
1828 4444 1932 4497 Ain
1951 4441 2093 4495 clare
2117 4444 2452 4495 vex-utentum

143 4522 238 4589 Vgl·
272 4526 521 4583 Bouchlin
558 4546 605 4582 s.
645 4530 749 4581 264
785 4532 861 4599 fg.
2335 4544 2354 4551 “
