2950 5042
1281 379 1362 444 41

189 567 440 634 minibus
492 567 768 650 referta;
831 591 994 634 unus
1039 569 1402 638 Germaniae
1447 575 1689 636 nostres
1734 570 2107 649 thesauruS,
2174 591 2298 655 quo
2346 591 2487 636 sum

185 673 270 737 uti
311 672 534 738 solitus
581 695 842 758 semper
884 695 1000 758 pro
1049 675 1244 740 animi
1291 675 1416 741 mei
1461 677 1799 742 sententia.
1876 675 2097 740 Trium
2126 674 2322 758 igitur
2352 674 2491 759 phi-

186 777 654 860 losophororum
717 780 798 844 de
856 777 1073 845 Verbo
1133 777 1400 846 mirifico
1460 780 1967 865 disputationem
2026 780 2265 864 accipe,
2326 799 2491 866 quos

185 883 335 946 iuter
379 904 445 948 se
495 882 600 967 (ut
662 892 984 950 sectarum
1031 886 1470 951 controversia
1516 907 1744 970 cogere
1792 883 2047 970 debuit)
2094 885 2489 951 altercantes

183 986 330 1066 finxi,
374 1010 502 1072 quo
550 991 756 1072 magis
804 990 1128 1056 elucescat
1173 990 1428 1056 occulta
1459 1011 1791 1057 sacrorum
1837 989 2163 1056 nominum
2202 989 2490 1075 proprie-

184 1099 286 1158 tas.
361 1094 455 1160 De
489 1094 730 1178 quibus
764 1102 828 1159 et
875 1093 954 1159 de
1003 1101 1103 1160 tot
1149 1117 1414 1162 numero
1461 1102 1658 1180 atque
1706 1097 1906 1162 tantis
1937 1097 2177 1163 unum¹
2226 1081 2523 1160 tandem'

186 1218 454 1280 supreme
514 1199 780 1284 quidem
831 1199 856 1238 ²
902 1199 1238 1266 mirificum
1304 1200 1801 1288 beatificumque
1848 1201 2033 1267 nobis
2080 1199 2355 1284 eligendi
2399 1198 2493 1264 fa-

185 1303 340 1367 cilior
363 1303 389 1342 ³
432 1311 790 1388 praestetur
821 1306 1092 1371 occasio,
1168 1309 1251 1372 Et
1297 1313 1370 1372 ut
1414 1307 1595 1373 brevi
1640 1313 2020 1390 argumento
2068 1326 2203 1372 rem
2236 1325 2488 1370 omnem

187 1429 529 1490 cognoscas:
586 1409 882 1475 Sidonius
914 1411 993 1476 dc
1027 1412 1246 1476 schola
1281 1413 1541 1496 Epicuri
1588 1413 1863 1496 primum
1910 1417 2209 1495 putatus,
2256 1407 2487 1475 deinde

187 1513 446 1578 inventus
495 1514 568 1578 in
615 1515 852 1580 nullius
901 1516 1098 1581 verba
1137 1517 1412 1600 jurasse,
1461 1515 1929 1601 omniphariam
1978 1519 2004 1556 ⁴
2050 1514 2489 1600 philosophae,

194 1618 508 1700 cupiditate
562 1620 850 1684 discendi
896 1640 1164 1703 peregre
1221 1619 1672 1705 proficiscitur,
1717 1628 1866 1706 post
1914 1619 1940 1658 ὓ
1986 1620 2191 1685 multa
2247 1619 2489 1704 ingres-

203 1743 281 1786 sus
315 1723 646 1803 Sueviam,
705 1725 1118 1808 philosophos
1165 1725 1326 1790 duos
1391 1726 1454 1790 in
1521 1727 1758 1810 oppido
1824 1726 2111 1792 Phorcen
2172 1723 2485 1790 convenit.

201 1826 546 1893 Baruchiam
581 1830 926 1894 Hebraeum
973 1837 1039 1894 et
1081 1829 1472 1914 Capnionem
1510 1833 1535 1868 ⁶
1568 1831 2024 1910 Christianum,
2071 1851 2214 1895 cum
2255 1828 2489 1914 quibus

191 1931 250 1994 de
291 1934 478 1998 variis
531 1934 889 2020 disciplinis
935 1941 1131 2019 atque
1166 1956 1313 2000 mox
1359 1936 1438 1999 de
1488 1937 1633 2020 ipsa
1679 1935 2039 2001 divinarum
2072 1943 2138 2001 et
2183 1935 2489 2001 humana-

188 2057 300 2100 rum
345 2061 568 2104 rerum
615 2039 885 2104 scientia
931 2039 1214 2118 disserit,
1263 2041 1342 2104 de
1392 2042 1709 2126 opinione,
1762 2041 1783 2080 ⁷
1833 2041 1911 2105 de
1962 2039 2107 2120 fide,
2172 2040 2251 2105 de
2299 2039 2490 2104 mira-

187 2142 336 2221 culis,
383 2144 464 2209 de
517 2144 871 2210 virtutibus
919 2145 1258 2210 verborum
1307 2152 1374 2210 et
1422 2147 1447 2184 ⁸
1492 2145 1862 2230 figurarum,
1910 2147 1989 2212 de
2038 2145 2295 2212 arcanis
2342 2166 2491 2228 ope-

189 2249 526 2315 rat-ionibus
591 2257 659 2315 et
716 2251 1038 2334 mysteriis
1103 2250 1595 2334 signaculorum.
1703 2253 1842 2318 Hoc
1906 2253 2097 2318 modo
2168 2251 2491 2315 universa-

187 2374 309 2416 1um
351 2357 644 2438 gentium
693 2378 834 2439 quse.
881 2356 1100 2440 aliqua
1148 2356 1488 2421 excellenti
1536 2358 1825 2442 polleant
1884 2355 2315 2442 philosophia,
2374 2359 2492 2420 aut

186 2478 290 2522 uon
347 2461 778 2526 illiberalibus
839 2462 1200 2526 cerimoniis
1261 2470 1325 2527 et
1382 2471 1641 2528 sacrata
1696 2464 1955 2528 nomina
2017 2470 2083 2529 et
2129 2459 2490 2527 consecrati

188 2562 578 2631 characteres
609 2567 674 2630 in
707 2568 1124 2650 quaestionem
1159 2567 1471 2647 incidunt,
1517 2566 1592 2632 fit
1623 2569 2021 2634 enumeratio
2054 2566 2489 2653 symbolorum

187 2690 218 2730 a
259 2670 516 2753 singulis
561 2694 680 2755 pro
727 2694 859 2738 suae
907 2680 1099 2738 sectae
1145 2676 1273 2740 ritu
1322 2674 1691 2757 diligenter,
1736 2695 1942 2759 usque
2000 2673 2153 2739 dum
2200 2670 2488 2754 Capnion

185 2773 236 2836 iu
267 2774 425 2841 libro
457 2778 656 2842 tertio
691 2779 794 2842 vix
825 2779 1086 2844 tandem
1121 2801 1198 2844 ex
1242 2779 1538 2846 omnibus
1569 2779 1769 2846 sacris
1799 2801 1992 2844 unum
2028 2777 2226 2843 Ihsuh
2256 2797 2488 2840 nomen

189 2879 435 2962 colligit,
486 2882 553 2945 in
587 2882 760 2966 quod
802 2885 1082 2950 omnium
1126 2906 1456 2951 sacrorum
1490 2887 1693 2968 vjrtus
1730 2884 1754 2922 ⁰
1788 2884 1919 2948 sive
1959 2885 2013 2922 ¹⁰
2058 2889 2349 2968 potestas
2392 2903 2489 2945 re·

188 2982 404 3065 fertur,
469 2988 645 3071 quod
702 2996 801 3053 est
862 3011 1116 3074 semper
1171 2998 1237 3056 et
1294 3013 1487 3075 super
1534 2988 1747 3054 omnia
1791 2988 2222 3054 benedictum.
2315 2986 2401 3051 At
2436 2986 2485 3078 {¹

189 3108 334 3154 nunc
378 3091 588 3175 ipsum
637 3086 966 3159 Sidonium
1013 3096 1369 3161 audiamus,

355 3206 382 3258 1
419 3221 501 3257 =
532 3203 876 3276 Autograph
906 3204 1217 3262 Reuchlins
1249 3205 1306 3262 in
1352 3207 1458 3265 der
1488 3205 1723 3264 Baseler
1766 3201 2276 3264 universitatsbibl.
2306 3199 2377 3258 A.
2410 3199 2485 3258 N.

1298 3373 1332 3410 ηε

287 3483 306 3527 1
332 3487 526 3532 tantum
552 3487 593 3532 1.
616 3487 661 3531 2.
755 3488 782 3532 2
811 3483 914 3534 Voi·
939 3483 1147 3548 quidem
1174 3485 1317 3535 beati
1347 3487 1743 3553 ausgestrichen
1769 3492 1810 3537 1.
1904 3489 1933 3538 3
1951 3484 2164 3536 facilius
2187 3487 2232 3532 2.
2323 3485 2355 3529 4
2382 3495 2487 3528 om-

191 3565 401 3619 nisan-iam
429 3575 474 3621 2.
505 3574 553 3620 3.
661 3575 692 3622 5
735 3571 836 3622 Vor
860 3583 978 3639 post
1005 3573 1089 3623 ein
1115 3590 1242 3640 paar
1270 3575 1615 3626 unleserliche
1654 3574 1978 3626 buohstaben
2018 3568 2407 3638 ausgestrichen
2444 3573 2489 3617 1.

193 3657 217 3701 6
237 3656 336 3722 Cap
359 3659 573 3710 Nionem
607 3667 652 3709 1.
763 3667 789 3710 7
819 3661 880 3710 de
922 3663 1166 3727 opinione
1199 3663 1674 3729 iibergeschrieben
1707 3668 1751 3712 1.
1864 3667 1894 3712 8
1922 3661 2066 3712 Nach
2105 3670 2157 3710 et
2188 3660 2490 3710 charactere

193 3747 562 3809 ausgestriehen
593 3753 635 3798 1.
723 3751 752 3798 9
777 3752 942 3798 virtus
964 3750 1075 3799 sive
1101 3757 1332 3816 potestas
1359 3769 1441 3801 am
1465 3751 1626 3802 rande
1660 3751 1878 3802 refertur
1903 3756 1945 3800 1.
2035 3754 2095 3800 10
2112 3748 2241 3815 sive]
2270 3754 2423 3812 atque
2439 3749 2489 3796 3.

200 3833 244 3878 ll
271 3835 478 3886 Atuunc
510 3842 552 3886 1.
594 3821 739 3886 i'Jber
763 3837 857 3886 das
885 3839 1042 3900 werk,
1069 3839 1186 3888 dem
1211 3839 1380 3890 dieser
1402 3839 1547 3890 brief
1562 3840 1642 3890 als
1670 3839 1886 3889 von-ede
1913 3838 2071 3898 dicut,
2097 3837 2206 3902 vgl.
2234 3833 2490 3886 Reuchlin

195 3931 230 3964 s.
271 3924 355 3971 178
389 3924 470 3974 bis
517 3929 631 3976 184.
705 3929 834 3977 Dem
875 3927 1449 3993 widmungsschreiben
1498 3929 1627 3994 geht
1669 3929 1723 3977 in
1762 3927 1859 3977 den
1910 3925 2183 3992 ausgabeu
2234 3925 2319 3974 ein
2356 3923 2496 3978 brief

197 4004 275 4056 des
309 4009 502 4064 Conrad
540 4015 854 4065 Leontorius
895 4031 958 4064 an
996 4015 1174 4066 Jakob
1215 4015 1557 4082 Wimpfeling
1596 4016 1817 4081 (speia,
1856 4019 1914 4064 21
1950 4013 2098 4079 April
2130 4015 2285 4079 1494)
2310 4028 2490 4075 voi-an,

199 4096 393 4150 weleher
434 4102 599 4153 vieles
648 4119 764 4152 zum
818 4103 938 4154 lobe
977 4104 1264 4154 Reuchlins
1311 4105 1418 4154 und
1469 4106 1647 4154 seines
1696 4103 1898 4154 werkes
1952 4101 2180 4163 enthalt,
2227 4101 2335 4151 und
2372 4102 2489 4151 eins

199 4184 486 4255 aufzahlung
521 4192 696 4240 seiner
732 4191 999 4253 schriften,
1039 4192 1123 4242 die
1161 4193 1277 4242 dem
1305 4193 1609 4258 gleichfalls
1635 4191 1719 4242 bei
1748 4189 2040 4243 Ametbach
2079 4189 2489 4240 erscheinenden

199 4271 685 4345 gelehrtenkstaloge
725 4280 1009 4330 Tritheims
1059 4282 1136 4330 als
1185 4282 1420 4332 material
1461 4297 1554 4331 zur
1607 4281 1915 4347 biographie
1962 4278 2248 4330 Reuohlins
2299 4277 2486 4327 dienen

202 4358 345 4412 sollte.
416 4366 526 4432 vgl.
569 4367 652 4416 die
710 4367 923 4418 letztere
972 4371 1024 4418 in
1065 4370 1344 4420 Trithemii
1391 4386 1509 4435 opp.
1546 4369 1667 4418 hist.
1707 4367 1787 4419 ed.
1826 4368 2015 4418 Freher
2053 4367 2290 4432 (Franks.
2331 4367 2485 4425 1601)

203 4445 271 4496 vel
297 4450 312 4498 1
335 4467 371 4500 s.
402 4457 487 4502 171
520 4471 615 4521 sq„
654 4454 762 4506 und
798 4471 838 4505 s.
867 4459 966 4510 389
1007 4458 1114 4507 und
1151 4458 1250 4508 den
1284 4459 1424 4510 brief
1456 4458 1548 4508 des
1581 4457 1893 4506 Leontorius
1932 4464 2091 4505 uuten
2115 4470 2223 4504 nro.
2251 4449 2488 4502 XLVIII.
