2950 5042
1603 386 1730 453 174

1586 578 1742 645 CLI.

641 668 913 736 stuttgart.
2362 669 2382 715 1
2427 665 2560 731 Aug.
2603 668 2747 716 1512.

626 758 679 832 J
680 783 956 831 oannes
1009 754 1375 831 Reuchlin
1428 753 1866 830 Phorcensis
1922 779 2019 826 an
2076 753 2319 828 Jacob
2375 755 2608 855 Lemp
2635 755 2677 827 ¹.

674 906 763 970 Er
791 904 959 970 habe
980 903 1085 969 die
1118 901 1684 987 philosophischen
1719 899 1978 966 studien
2013 920 2134 965 von
2171 899 2414 984 jugend
2461 922 2546 967 an
2591 901 2824 985 geliebt

494 1010 626 1075 und
660 1010 753 1075 sei
786 1010 1132 1076 denselben
1166 1015 1311 1075 treu
1345 1007 1704 1092 gehlieben,
1736 1005 2056 1074 trotzdem
2091 1027 2161 1071 er
2192 1007 2448 1090 gelernt
2477 1007 2677 1088 habe,
2709 1009 2823 1072 wie

495 1114 701 1197 heftig
756 1115 859 1180 die
906 1116 1146 1179 Romer
1200 1113 1296 1181 oft
1352 1134 1552 1198 gegen
1597 1113 1834 1178 redner
1911 1111 2043 1178 und
2117 1111 2542 1195 philosophen
2609 1112 2824 1196 ausge—

496 1225 708 1286 treten
768 1221 975 1286 seien:
1038 1220 1221 1285 Talia
1288 1219 1456 1284 enim
1505 1219 1724 1284 studia
1769 1224 1906 1283 tam
1953 1217 2296 1300 splendida
2341 1225 2408 1284 et
2454 1225 2592 1284 tam
2639 1220 2824 1283 utilia

494 1325 807 1409 putabam
868 1327 1109 1410 optime
1170 1326 1254 1391 ad
1311 1324 1563 1390 virile-m
1627 1330 1844 1407 togam
1905 1323 2204 1408 deposita
2264 1330 2586 1408 praetexta
2631 1326 2824 1409 perti-

498 1452 672 1497 nere.
762 1431 904 1511 Qua
949 1453 1051 1497 me
1098 1453 1168 1497 re
1216 1432 1460 1515 conjeci
1507 1431 1573 1494 in
1621 1430 1917 1495 servilem
1962 1429 2414 1511 conditionem,
2463 1436 2532 1495 et
2561 1430 2824 1515 repulsa

495 1536 749 1602 vivendi
794 1537 1096 1603 libertate
1144 1536 1461 1601 immiscui
1508 1557 1610 1601 me
1657 1534 1925 1600 infinitis
1971 1534 2299 1601 hominum
2347 1541 2414 1601 et
2461 1536 2819 1620 jurgiorum

438 1688 445 1693 -
497 1642 958 1727 quaestionibus
1030 1648 1225 1727 atque
1275 1641 1532 1708 demum
1594 1641 1968 1725 reipublicae
2027 1642 2198 1706 curis
2257 1648 2326 1709 et
2383 1641 2826 1707 sollicitudini-

496 1746 639 1827 buS,
704 1768 847 1832 quae
914 1768 1043 1813 non
1111 1754 1367 1813 tantum
1436 1748 1679 1813 lassato
1728 1766 1986 1813 somnos
2051 1746 2376 1827 adimunt,
2443 1747 2558 1813 sed
2621 1748 2818 1813 etiam

498 1853 789 1936 vigilanti
842 1860 909 1920 et
964 1861 1141 1919 recte
1200 1852 1418 1937 agenti
1477 1852 1679 1919 robur
1739 1854 1976 1919 mentis
2022 1851 2372 1919 debilitant
2418 1859 2487 1920 et
2531 1853 2820 1937 corporis

495 1979 726 2024 nervos
792 1958 905 2023 ubi
970 1959 1150 2025 nulla
1214 1961 1436 2045 quise,
1500 1959 1682 2023 nulla
1757 1959 2214 2043 tranquillitas».
2325 1958 2535 2025 Unter
2601 1960 2816 2025 diesen

498 2069 719 2129 ersten
754 2063 1013 2129 studien
1042 2066 1135 2130 sei
1166 2064 1329 2130 aber
1352 2065 1468 2131 das
1497 2064 1965 2148 vorziiglichste
1989 2063 2106 2131 das
2137 2064 2254 2129 der
2275 2064 2553 2147 heiligen
2577 2064 2816 2129 schrift

495 2168 588 2234 Zu
634 2169 837 2235 ihrem
877 2169 1278 2235 wahrhaften
1307 2170 1750 2237 verstandniss
1797 2170 1964 2237 habe
2012 2193 2084 2236 er
2115 2171 2257 2236 eine
2291 2169 2674 2254 griindliche
2721 2169 2824 2234 be·

493 2274 899 2359 schaftigung
944 2277 1061 2341 mit
1106 2276 1225 2341 der
1271 2275 1712 2361 griechischen
1757 2275 1893 2343 und
1936 2275 2362 2342 hebraischen
2395 2275 2676 2359 sprache
2725 2274 2823 2339 fiir

491 2380 904 2465 nothwendig
958 2381 1271 2447 erachtet.
1362 2384 1613 2447 Durum
1675 2388 1895 2448 autem
1952 2388 2102 2466 post
2166 2403 2277 2447 eas
2336 2380 2716 2465 disciplinas
2763 2388 2826 2446 et

492 2493 749 2571 agreste
808 2488 997 2553 nimis
1049 2486 1455 2573 judicabam,
1521 2488 1745 2554 amicis
1811 2508 2047 2572 negare
2107 2486 2528 2552 humanitatis
2591 2485 2826 2567 officia,

492 2610 664 2677 saepe
729 2594 1129 2679 multumque
1196 2600 1265 2659 et
1330 2614 1550 2659 coram
1626 2600 1693 2659 et
1759 2616 1879 2679 per
1952 2593 2262 2677 epistolas
2331 2593 2731 2677 nunciosque
2791 2614 2830 2656 a

490 2719 593 2763 me
638 2699 1033 2781 petentibuS,
1080 2706 1153 2765 ut
1202 2700 1295 2765 eis
1342 2699 1614 2765 moleste
1663 2699 2011 2765 admodum
2059 2707 2144 2779 et,
2207 2704 2283 2765 ut
2341 2700 2543 2783 ajunt,
2598 2698 2830 2764 intole-

494 2804 793 2870 rabiliter
848 2804 1301 2889 ignorantibus
1374 2804 1522 2871 aliis
1597 2804 1856 2890 quidem
1927 2825 2136 2889 graeca
2195 2804 2620 2889 divulgarem,
2683 2804 2829 2869 aliis

490 2916 707 2975 autem
756 2909 1079 2977 hebraica.
1173 2911 1385 2988 Quare
1431 2910 1540 2993 pio
1588 2933 1807 2977 amore
1856 2910 2108 2991 ductus,
2155 2932 2302 2976 cum
2349 2918 2543 2975 ‘antea
2577 2910 2830 2975 docuis-

491 3035 629 3078 sem
676 3014 913 3081 multos
958 3016 1024 3080 in
1071 3016 1293 3100 graecis
1337 3015 1565 3096 literis,
1631 3023 1697 3083 et
1743 3039 1860 3101 per
1912 3018 2400 3101 grammaticam
2447 3022 2680 3098 artem,
2729 3017 2830 3080 cui
2932 3092 2933 3095 Ἴ

492 3119 753 3185 titulum
836 3122 1138 3206 inscripsi
1213 3122 1660 3206 Micropaedia,
1759 3122 2145 3189 dolavissem
2245 3121 2556 3208 quicquid
2625 3122 2828 3206 potui,
2931 3164 2934 3174 -

492 3224 834 3291 novissime
880 3227 966 3291 ad
1013 3227 1311 3293 decorem
1372 3234 1439 3293 et
1503 3227 1911 3312 splendorem
1975 3230 2426 3295 sacratissimae
2485 3227 2824 3312 theologiae
2929 3302 2931 3311 ⁴

496 3335 563 3395 et
619 3330 1128 3416 theologicorum
1172 3334 1455 3400 virorum
1503 3334 1873 3415 utilitatem,
1934 3335 2072 3419 ipse
2121 3356 2237 3418 ego
2286 3340 2494 3399 totam
2539 3334 2823 3417 linguam
2929 3378 2932 3396 ,

490 3434 864 3503 hebraicam
909 3440 1155 3523 primus
1203 3440 1486 3506 omnium
1532 3439 1599 3505 in
1645 3440 1871 3521 literiS,
1916 3442 1982 3506 in
2031 3441 2420 3507 dictionibus
2470 3446 2538 3506 et
2587 3440 2822 3525 regulis

494 3541 868 3624 collective,
948 3544 1197 3629 legibus
1252 3546 1616 3631 mancipavi
1677 3547 1916 3611 latinis.
2022 3546 2218 3632 Cujus
2283 3546 2581 3611 exercitii
2643 3546 2825 3611 disci-

492 3647 682 3733 pulos
737 3670 863 3714 non
910 3651 1121 3717 nullos
1168 3651 1347 3717 nulla
1392 3657 1612 3717 tamen
1655 3653 1976 3733 mercede,
2023 3654 2139 3719 sed
2184 3652 2469 3736 gratuito
2516 3651 2646 3717 feci
2689 3672 2828 3736 par-
2925 3702 2927 3713 ,

492 3751 752 3838 ticipes,
812 3756 1053 3839 partim
1113 3763 1333 3841 gratos
1400 3758 1511 3842 qui
1566 3760 1954 3843 praeceptori
2009 3781 2124 3825 suo
2175 3758 2471 3823 debitum
2517 3758 2823 3826 honorem
2925 3752 2927 3791 ³

489 3879 807 3945 perquam
860 3870 1235 3929 reverenter
1281 3862 1626 3941 exhibent,
1689 3864 1928 3948 partim
1976 3884 2160 3945 vero,
2207 3873 2282 3933 ut
2325 3861 2566 3929 acerbe
2617 3862 2822 3940 audio,
2923 3868 2925 3879 ²

1714 4001 1754 4037 41·

638 4084 659 4129 1
702 4076 883 4131 Jakob
922 4078 1099 4147 Lemp‚
1137 4080 1257 4148 geb.
1297 4081 1350 4133 iu
1392 4083 1712 4149 Steinheim,
1769 4084 1896 4136 wird
1936 4084 2202 4153 professor
2240 4084 2331 4137 der
2365 4086 2824 4154 philosophiscben

488 4166 716 4220 facultut
752 4170 806 4219 in
844 4171 1129 4236 Ttibingen
1175 4173 1331 4235 1494,
1385 4172 1475 4223 der
1529 4172 1929 4239 theologiscben
1977 4176 2133 4238 1495,
2187 4175 2267 4225 als
2313 4178 2482 4226 stiitze
2533 4176 2632 4226 der
2667 4181 2828 4243 papst·

489 4256 667 4306 lichen
693 4258 871 4307 macht
908 4257 1015 4307 und
1041 4264 1238 4309 muster
1274 4260 1418 4311 eines
1446 4261 1713 4313 Skotisten
1739 4262 2000 4325 beriihmt,
2037 4278 2157 4312 von·
2178 4262 2276 4314 den
2314 4263 2653 4315 human-isten
2693 4263 2828 4315 stark

493 4344 784 4411 bekltmpsst,
832 4347 1050 4412 eifriger
1097 4363 1299 4413 gegner
1335 4349 1559 4401 Luthers
1606 4351 1714 4401 und
1762 4350 1854 4401 der
1888 4351 2256 4415 reformation,
2305 4354 2700 4404 unterschreibt
2749 4350 2836 4401 auf

493 4430 585 4481 der
621 4432 851 4486 badener
887 4434 1211 4501 disputation
1256 4440 1389 4488 1526
1426 4439 1512 4489 die
1551 4444 1692 4489 satze
1728 4441 1900 4490 selues
1927 4438 2166 4493 schfilers
2199 4440 2324 4492 Joh.
2350 4440 2484 4505 1⁴:011,
2521 4446 2587 4493 st.
2631 4446 2661 4491 2
2692 4436 2828 4509 April

499 4522 649 4572 1532.
711 4522 836 4590 vgl.
876 4521 1250 4575 Wiedemann:
1287 4524 1409 4578 Joh.
1454 4527 1583 4592 Eck,
1621 4527 1969 4596 Regensburg
2012 4530 2144 4581 1865
2183 4544 2225 4582 s.
2273 4534 2353 4581 12.
