2950 5042
1261 356 1392 423 243

208 541 315 611 Sed
354 542 471 612 heu
513 545 732 611 irritos
777 544 1054 613 labores.
1143 545 1356 613 Testis
1387 551 1689 630 superest
1719 544 2211 625 Sunthusenius,
2262 546 2373 630 qui
2420 551 2491 613 et

203 649 322 733 ipse
362 655 422 718 te
467 656 644 716 amat
675 657 743 716 et
773 650 947 717 colit.
1037 650 1158 719 His
1188 650 1460 719 auribus
1507 650 1743 731 audivi,
1788 651 1875 715 mi
1904 651 2259 717 reverende
2288 656 2501 735 pater,

202 754 391 819 audivi
445 754 731 840 inquam,
793 756 952 841 quid
1006 756 1417 842 responderit
1475 756 1732 833 cuidam
1779 757 1947 823 male
1993 757 2301 841 loquenti.
2408 758 2498 823 Te

202 859 408 925 bonum
465 867 532 925 et
577 861 839 928 doctum
883 866 1090 927 virum
1156 882 1298 929 esse
1343 862 1735 947 predicavit,
1784 862 1991 927 eciam
2036 862 2091 927 si
2140 861 2501 927 adversarii

197 972 624 1048 rumperentur
679 966 939 1032 invidia.
1031 966 1281 1033 Aderat
1339 974 1479 1033 tum
1525 966 1793 1052 quidam
1856 968 2190 1050 gregarius
2228 972 2267 1047 ²,
2332 988 2498 1051 pene

194 1071 494 1154 proprium
539 1092 772 1137 nomen
831 1072 1070 1139 excidit
1113 1072 1296 1151 mihi,
1343 1079 1418 1139 tu
1462 1071 1768 1155 intelligis
1814 1072 1961 1156 quis
2008 1073 2092 1137 sit
2150 1072 2259 1137 ille
2307 1093 2496 1159 quem

193 1175 446 1242 latenter
489 1182 684 1244 taxas
724 1178 790 1243 in
821 1178 1137 1263 apologia.
1217 1177 1389 1244 Male
1419 1177 1639 1245 valeat
1667 1178 2233 1261 arrogantissimus
2264 1179 2497 1245 scriba.

193 1278 270 1345 Tu
311 1280 467 1347 bene
513 1281 756 1349 valeas.

341 1391 512 1452 Mscr.
547 1391 656 1453 der
687 1391 835 1453 Mut.
868 1389 1051 1454 briefe
1081 1406 1210 1453 uro.
1246 1394 1396 1468 494,
1427 1391 1528 1455 fol.
1563 1393 1690 1457 313
1723 1409 1808 1469 sq.

1223 1575 1440 1644 CCXI.

1860 1664 1979 1729 (vor
2025 1668 2046 1715 1
2087 1663 2203 1715 Jun
2247 1668 2425 1733 1515.)

429 1752 693 1827 Petrus
735 1750 1132 1827 Galatinus
1169 1752 1661 1827 Minoritanus
1700 1779 1799 1826 an
1834 1752 2223 1828 Reuchlin.

336 1874 405 1939 R.
473 1876 569 1942 sei
631 1897 702 1941 so
750 1874 1002 1959 gelehrt
1048 1876 1179 1940 und
1227 1898 1298 1942 so
1349 1876 1527 1941 reich
1578 1896 1661 1941 an
1720 1875 2165 1955 verdiensten,
2228 1874 2379 1940 dass
2426 1897 2498 1941 er

184 1978 296 2042 sich
359 2000 463 2045 am
533 1980 768 2046 besten
824 1980 1028 2047 durch
1089 1982 1309 2045 seinen
1367 1982 1631 2065 eigenen
1692 1981 1896 2046 werth
1960 1980 2304 2046 beschiitze
2364 1980 2499 2047 und

307 1661 428 1715 Rom

182 2080 378 2151 keiner
439 2086 738 2152 fremden
813 2086 1301 2171 vertheidigung
1361 2085 1651 2152 bediirfe.
1756 2085 1930 2165 Quas
1992 2086 2076 2151 ob
2136 2108 2242 2151 res
2302 2108 2499 2171 quom
2596 2074 2611 2085 ⁴

180 2208 360 2275 neque
417 2197 491 2258 tu,
547 2192 932 2277 cujusquam
991 2192 1395 2277 protectione
1443 2213 1607 2276 opus
1654 2191 1928 2272 habeas,
1994 2213 2203 2278 neque
2252 2192 2499 2275 scripta

181 2297 274 2357 tua
332 2296 538 2363 alieno
599 2295 943 2383 ‘defensore
1009 2304 1270 2383 egeant,
1341 2296 1520 2363 haud
1576 2318 1902 2381 quaquam
1968 2304 2147 2363 certe
2208 2319 2369 2381 opus
2416 2296 2497 2363 de

180 2402 404 2466 arcanis
435 2402 774 2467 catholicae
808 2403 1100 2468 veritatis
1145 2404 1210 2468 in
1242 2402 1655 2468 thalmudicis
1686 2402 1870 2469 libris
1903 2403 2245 2483 contentis,
2295 2418 2494 2486 super

179 2506 458 2573 articulos
505 2513 736 2573 contra
789 2507 1080 2573 libellum
1128 2515 1310 2573 tuum
1359 2508 1617 2574 oculare
1666 2508 2005 2591 speculum
2047 2514 2489 2590 nuncupatum

179 2609 488 2694 exhibitos,
526 2613 866 2678 fundatum
882 2635 1231 2699 aggressus
1263 2613 1547 2693 fuissem,
1564 2614 1689 2677 nisi
1710 2611 2229 2677 reverendissimi
2255 2611 2497 2676 domini

179 2717 286 2780 mei
343 2725 718 2784 sanctorum
768 2725 808 2783 4
865 2718 1334 2785 Coronatorum
1395 2718 1744 2783 cardinalis
1780 2718 1805 2756 ²
1841 2723 1929 2783 .et
1974 2717 2497 2781 reverendissimi

178 2818 418 2889 Adriani
449 2825 856 2909 aliorumque
891 2824 1296 2909 quorundam
1326 2824 1692 2907 principum
1720 2821 2148 2888 cardinalium
2183 2822 2295 2906 qui
2330 2822 2494 2886 veri-

179 2927 315 2991 tatis
353 2929 778 2995 discutiendae
810 2932 1041 3015 gratia,
1089 2930 1208 2995 hoc
1239 2930 1395 2994 mihi
1428 2930 1641 2996 oneris
1672 2930 2135 3012 imposuerunt,
2177 2916 2497 3011 jussiones

179 3030 249 3093 ad
287 3033 355 3097 id
401 3057 506 3101 me
553 3056 719 3119 pene
766 3036 1036 3100 invitum
1070 3035 1493 3101 induxissent.
1586 3034 1705 3099 Cui
1748 3034 2009 3118 quidem
2058 3034 2240 3117 operi
2273 3054 2495 3117 quam-

179 3136 260 3203 vis
318 3139 634 3208 hactenus
681 3162 932 3207 summa
979 3162 1123 3206 cum
1171 3140 1505 3225 diligentia
1550 3140 1852 3207 insistere
1909 3161 2035 3205 non
2084 3138 2486 3218 destiterem,

179 3245 296 3307 tum
313 3252 384 3311 ut
417 3247 770 3313 eorundem
789 3247 1154 3331 principum
1187 3245 1612 3312 cardinalium
1635 3245 1923 3330 jussibus
1949 3244 2490 3329 obtemperarem,

178 3349 294 3413 tum
324 3352 928 3435 probatissimorum
960 3353 1242 3418 virorum
1274 3350 1508 3418 Jacobi
1539 3351 2031 3435 Questembergi
2076 3352 2301 3433 graecis
2346 3350 2497 3415 lati-

181 3452 380 3538 nisque
427 3458 638 3523 literis
695 3455 1086 3542 pereruditi,
1134 3457 1174 3522 J
1179 3457 1402 3521 oannis
1450 3456 1750 3521 Potikani
1796 3457 1863 3519 in
1916 3454 2297 3529 Chaldiacis,
2330 3475 2493 3537 prae-

181 3562 436 3640 ceptoris
483 3562 632 3642 mei,
667 3562 692 3601 ³
753 3562 1064 3647 Stephani
1109 3562 1332 3627 Rosini
1392 3562 1796 3645 imperatorii
1851 3560 2293 3645 procuratoris
2339 3559 2495 3643 vigi-

179 3658 516 3747 lantissimi,
585 3672 652 3733 et
715 3666 1064 3752 Chasparis
1114 3666 1527 3751 Vaingensis,
1558 3667 1587 3705 4
1662 3668 1773 3751 qui
1836 3688 2057 3733 omnes
2128 3687 2265 3731 rem
2312 3670 2491 3731 tuam

183 3770 332 3835 omni
391 3773 634 3853 studio,
697 3775 996 3858 omnique
1053 3774 1251 3838 animi
1310 3772 1731 3857 corporisque
1791 3771 2015 3837 labore
2077 3792 2307 3836 curare
2364 3793 2492 3838 non

179 3869 472 3959 desinunt,
519 3878 797 3945 assiduis
829 3878 1389 3945 exhortationibus
1423 3879 1692 3943 maxime
1725 3884 1938 3943 motus
1986 3898 2066 3942 ne
2116 3875 2327 3942 dicam
2371 3876 2489 3941 im-

183 3979 400 4059 pulsus.
492 3986 655 4051 Amo
714 3990 933 4051 tamen
979 4006 1179 4051 causa
1225 3983 1323 4048 tui
1379 4005 1454 4049 eo
1506 3986 1874 4057 accuratius
1928 3984 2029 4049 rei
2074 3980 2481 4066 perficiendae

185 4102 424 4169 operam
473 4089 631 4158 dare
678 4092 992 4173 conabor,
1039 4113 1170 4176 quo
1227 4089 1579 4175 gratiorem
1645 4090 1769 4156 tibi
1814 4111 1953 4155 rem
2000 4111 2101 4155 me
2160 4088 2489 4154 facturum

315 4270 334 4315 l
376 4268 678 4337 Greg'arius]
717 4269 986 4321 vielleicht
1009 4270 1188 4321 Jakob
1215 4206 1404 4321 Gon-'da
1441 4285 1485 4319 s.
1524 4284 1570 4320 0.
1614 4273 1641 4321 2
1667 4268 1791 4319 Jan.
1823 4269 1973 4318 1514.
2012 4267 2131 4319 Nr0.
2158 4264 2489 4316 CLXXVIII.

187 4349 210 4396 2
245 4352 430 4405 Lorenz
470 4358 645 4409 Pucci.
795 4362 823 4409 3
865 4360 1067 4411 Potken
1115 4376 1152 4409 s.
1196 4374 1242 4410 0.
1281 4374 1392 4409 nro.
1433 4356 1564 4409 CCI.
1708 4362 1741 4404 4
1784 4355 1900 4421 Vgl.
1941 4356 2024 4405 die
2062 4355 2386 4421 hemerkung
2424 4369 2490 4405 zu

187 4448 280 4489 nro.
317 4442 688 4497 CLxxxxvl.
1962 4518 2032 4579 16
2049 4522 2080 4555 ἃ
