2950 5042
1272 368 1358 435 95

206 555 511 637 coronario,
556 558 692 625 sed
720 557 801 625 de
844 557 1102 639 cloacis,
1148 556 1516 642 paludibus,
1561 557 1756 643 ligno,
1803 558 2055 641 itinere,
2101 558 2324 627 aliisve
2369 580 2485 647 po-

202 662 491 747 pularibus
554 665 815 750 jurgiis,
875 670 1012 731 tam
1071 663 1395 749 praetoriis
1416 712 1431 742 ,
1505 686 1699 748 quam
1757 663 2051 731 civilibus
2121 666 2481 748 consulunt,

202 767 397 850 quibus
438 768 513 833 de
548 770 697 854 jure
740 789 859 854 pro
904 790 1052 835 mea
1094 769 1498 854 professione
1545 771 1938 855 respondere
2001 769 2304 851 debeam,
2354 790 2482 837 non

199 872 554 954 Latinorum,
618 874 735 941 sed
781 874 1133 941 Suevorum
1196 873 1536 941 observato
1595 875 1850 941 dicendi
1914 898 2036 943 usu
2094 876 2254 942 nihil
2307 875 2482 943 ultra

199 978 437 1059 miseris,
480 980 564 1045 mi
610 980 833 1062 frater,
878 1000 982 1046 me
1029 984 1179 1063 post
1223 980 1495 1045 virentia
1539 986 1734 1064 prata
1777 981 1906 1046 iam
1957 981 2222 1048 scabros
2286 981 2482 1047 calles

200 1084 505 1150 ambulare.
580 1087 669 1150 Et
712 1086 875 1151 haec
922 1090 1067 1151 erat
1110 1106 1243 1151 una
1288 1106 1369 1151 ex
1416 1088 1630 1153 causis
1675 1107 1804 1151 non
1833 1087 2016 1170 parvi
2045 1087 2370 1166 momenti,
2409 1094 2485 1152 ut

199 1195 469 1271 putarem,
516 1212 661 1257 mea
704 1191 957 1274 singula
987 1191 1141 1256 viris
1170 1191 1582 1275 politioribus
1629 1190 1835 1257 literis
1881 1192 2172 1277 praeditis
2217 1191 2485 1277 explosa

198 1294 333 1374 fore,
374 1295 542 1380 quod
588 1301 933 1362 cernerent
975 1295 1043 1361 in
1074 1296 1168 1361 eis
1212 1295 1458 1363 nullum
1506 1296 1758 1378 florem,
1817 1298 2060 1365 nullam
2107 1298 2484 1363 comitatem

202 1400 287 1464 sed
326 1403 525 1466 omnia
572 1402 859 1468 trivialia
906 1407 974 1467 et
1030 1400 1351 1467 inurbana
1398 1422 1688 1487 quaeque.
1784 1403 2056 1481 Quando
2116 1409 2334 1469 autem
2384 1423 2485 1469 ve-

202 1510 309 1569 tera
348 1507 653 1573 memoria
698 1517 951 1593 repeto,
1014 1508 1291 1573 multum
1346 1508 1602 1575 invenio
1643 1509 1924 1593 majores
1969 1516 2227 1575 nostros
2287 1508 2486 1574 etiam

205 1607 489 1678 barbarico
580 1613 841 1679 dicendi
902 1613 1094 1679 modo
1167 1613 1544 1679 delectatos.
1651 1613 2119 1699 Aristophanes
2208 1634 2486 1699 namque

215 1712 409 1783 Graecus
452 1718 519 1782 in
552 1719 889 1798 comoedia,
938 1739 1081 1803 quse
1128 1719 1505 1785 inscribitur
1536 1718 1866 1785 Acharnes
1913 1720 2168 1785 Persice
2200 1719 2488 1804 loquitur

214 1820 295 1884 sic:
354 1823 737 1891 Jactarman
786 1845 1071 1891 exarxan
1122 1825 1610 1909 apissonosatra
1643 1824 1692 1911 ¹)
1743 1846 1884 1911 quae
1932 1824 2272 1891 barbaries
2317 1845 2487 1909 saepe

204 1926 367 1991 multis
412 1930 655 2013 gaudio
703 1929 829 1995 fuit
874 1935 942 1996 et
972 1930 1176 1996 risum
1223 1931 1441 1997 movit.
1539 1931 1735 2016 Apud
1775 1932 2098 1997 Romanos
2145 1952 2296 1997 vero
2343 1930 2488 2015 quis

198 2053 449 2118 umquam
480 2036 567 2101 M.
602 2036 921 2102 Catonem
955 2038 1241 2120 priscum
1272 2038 1680 2121 contempsit,
1727 2036 1900 2121 quod
1941 2038 2006 2101 in
2050 2038 2184 2103 suis
2230 2037 2488 2121 scriptis

196 2136 257 2201 de
298 2160 357 2206 re
396 2142 649 2209 rustica
690 2140 1033 2207 barbarice
1075 2142 1365 2227 loquitur
1409 2141 1534 2206 hoc
1579 2142 1806 2206 modo:
1869 2142 2067 2222 Haut,
2106 2142 2286 2221 haut,
2327 2140 2491 2207 haut

192 2243 293 2309 ista
331 2248 497 2330 pista
545 2247 729 2328 sista,
777 2248 1207 2314 ardannabon
1247 2246 1550 2313 damiabo
1597 2247 1976 2313 damaustra
1999 2244 2070 2332 ²).
2162 2247 2317 2326 Quis
2355 2266 2490 2329 poe-

191 2350 382 2417 nulum
415 2353 647 2419 Plaudi
677 2360 946 2438 propter
977 2353 1265 2439 linguam
1295 2337 1605 2419 Punicam
1639 2351 1920 2418 abiecit?

332 2458 729 2525 Consolabor
772 2465 841 2525 et
884 2480 1003 2543 ego
1049 2481 1152 2525 1110
1194 2480 1451 2545 quoque
1483 2459 1742 2525 illorum
1785 2458 2098 2542 exemplo,
2127 2463 2204 2523 ut
2235 2476 2490 2542 sperem

184 2559 465 2646 invenire,
522 2586 689 2650 quos
733 2552 1079 2631 admiratio
1132 2565 1330 2631 ducat
1386 2565 1473 2631 ad
1518 2563 1796 2629 inauditi
1853 2564 2037 2648 prius
2080 2562 2323 2645 negotii
2362 2562 2491 2627 lec·

184 2667 410 2735 tionem.
502 2671 649 2736 Hoc
680 2692 877 2737 unum
907 2677 1132 2737 tamen
1166 2692 1311 2737 esse
1340 2672 1629 2737 futurum
1655 2669 1960 2749 arbitror,
2005 2688 2088 2733 ne
2131 2668 2296 2733 desit
2323 2666 2491 2749 Aga-

179 2776 465 2841 memnoni
506 2798 663 2842 suus
704 2776 990 2842 Tersites
1030 2777 1315 2843 Homero
1357 2776 1594 2856 Zoilus,
1643 2774 1951 2859 Nephelae
2000 2774 2270 2852 Socrati,
2316 2770 2492 2856 quod

182 2878 341 2944 etiam
385 2887 617 2947 contra
656 2903 759 2947 me
800 2902 1057 2966 quoque
1100 2881 1422 2966 prodeant
1462 2880 1816 2966 aliquando
1847 2872 2198 2964 phematici
2227 2868 2492 2963 quidam

180 3004 567 3067 susurroneS,
605 3008 765 3071 quos
830 3008 981 3052 cum
1028 2989 1169 3073 jam
1246 2986 1754 3072 apprehenderit
1811 2985 2115 3052 studendi
2175 2991 2360 3052 vetus
2415 3004 2492 3052 ac

183 3086 341 3174 longa
368 3092 703 3175 segnicies,
738 3091 1080 3175 gloriosius
1116 3094 1243 3159 sibi
1277 3093 1522 3159 ducant
1554 3092 1761 3158 multa
1791 3091 2266 3176 reprehendere
2300 3110 2494 3175 quam

182 3214 361 3275 pauca
424 3198 709 3273 discere;
784 3204 1126 3281 sperantes
1216 3197 1545 3264 hominum
1610 3197 2045 3263 studiosorum
2121 3202 2495 3281 contemptu

185 3306 349 3386 atque
382 3302 793 3369 contumeliis
839 3303 978 3369 fore
1012 3303 1325 3369 illustres.
1419 3304 1658 3369 Dicent
1701 3304 1870 3370 enim
1917 3326 2044 3369 non
2073 3324 2176 3369 me
2207 3303 2494 3386 potuisse

188 3402 233 3468 in
258 3409 561 3474 senilibus
594 3409 779 3475 annis
812 3408 1059 3494 absque
1091 3415 1500 3494 praeceptore
1535 3411 1729 3476 etiam
1763 3410 2214 3494 qualicumque
2259 3413 2496 3473 conatu

186 3509 251 3575 ad
301 3519 555 3581 tantum
612 3514 933 3579 hebraicae
994 3514 1296 3580 lectionis
1345 3514 1675 3599 fastigium
1733 3513 2104 3592 ascendere,
2154 3517 2229 3577 ut
2277 3512 2498 3577 studia

186 3632 303 3682 mea
335 3620 569 3685 ceteris
600 3621 869 3704 prosint,
912 3619 1147 3705 quibus
1193 3621 1415 3685 statim
1450 3620 1778 3704 Originem
1826 3619 2142 3704 objiciam,
2175 3622 2497 3689 sanctum-

185 3742 287 3805 que
320 3725 779 3810 Hieronymum
825 3730 893 3791 et
923 3726 1104 3791 illum
1157 3726 1236 3793 de
1269 3726 1436 3810 Lyra
1482 3726 1821 3792 Nicolaum
1849 3726 1905 3788 ³:
1955 3725 2065 3809 qui
2115 3744 2335 3789 omnes
2383 3729 2498 3807 ap*

186 3832 639 3915 propinquante
699 3832 877 3898 senio
951 3833 1231 3917 primum
1309 3832 1636 3898 hebraicis
1719 3830 2047 3896 studuisse
2115 3828 2493 3914 probantur.

185 3931 326 4009 Quin
382 3939 599 4021 potius
647 3959 835 4003 nemo
882 3937 1089 4004 ferme
1153 3938 1441 4004 omnium
1502 3947 1650 4021 post
1694 3936 2024 4021 apostolos
2073 3935 2499 4001 orthodoxam

185 4040 498 4108 ecclesiam
527 4042 855 4109 hebraicis
884 4044 1091 4110 literis
1121 4044 1495 4123 illustravit,
1539 4044 1649 4127 qui
1691 4064 1821 4107 non
1867 4064 1979 4109 eas
2011 4042 2080 4107 in
2121 4046 2313 4109 aetate
2352 4060 2502 4126 pro-

1307 4198 1342 4242 ⁵1⁸

316 4309 340 4357 1
383 4308 602 4361 Acharn.
642 4324 693 4362 ν.
736 4312 835 4361 100
872 4308 953 4360 0(1.
991 4306 1264 4371 Meineko,
1316 4308 1484 4377 Lng.
1529 4310 1682 4372 1860,
1731 4308 1824 4359 der
1860 4308 2006 4359 liest:
2057 4300 2296 4376 ἰαρταμὰν
2347 4300 2498 4375 ἔξαρξ’

188 4383 483 4449 ἆναπίσσοναι
521 4396 691 4467 σάτρα.
840 4402 869 4449 2
910 4398 1039 4464 Cap.
1084 4396 1224 4447 CLX
1266 4396 1349 4448 ed.
1386 4398 1634 4461 60001101,
1672 4395 1978 4447 Μέιπὼείιη
2020 4396 2169 4444 1781.
2316 4397 2346 4445 3
2373 4392 2499 4461 vgl·

189 4478 430 4547 Siegfried
463 4486 516 4535 in
556 4485 705 4538 Merx
740 4485 925 4537 archiv
962 4500 1057 4537 zur
1097 4485 1447 4551 erforschung
1483 4486 1576 4536 des
1604 4484 1746 4535 alten
1783 4487 2086 4536 testamenta
2123 4480 2211 4534 bd.
2237 4484 2282 4535 1.
