2950 5042
1517 464 1520 468 -
1622 412 1749 482 156
2895 479 2897 579 1

500 601 840 687 collegium
882 600 1401 671 doctissimorum
1444 601 1892 686 theologorum
1935 600 2382 685 recalcitrare,
2425 604 2786 689 potissimum

500 707 570 774 in
636 706 719 773 iis
782 728 925 793 quoe
994 713 1147 773 sunt
1198 707 1575 793 theologicae
1639 707 2049 787 subtilitatis,
2113 713 2181 774 et
2235 709 2550 776 excedunt
2588 710 2786 778 limites
2895 690 2897 703 ¹

504 811 839 879 facultatis
880 834 1061 879 meoe.

680 917 925 983 Iccirco
988 919 1056 984 in
1123 919 1619 987 mansuetudine
1677 919 1931 1004 suscepi
2000 918 2301 999 verbum,
2359 917 2534 1003 quod
2589 918 2666 985 ad
2708 941 2790 985 me

496 1044 707 1108 nuper
773 1023 1175 1109 scripserunt
1235 1026 1574 1093 reverendi
1650 1031 1874 1110 patres
1947 1025 2075 1090 mei
2137 1022 2628 1091 contubernales
2695 1023 2790 1101 tui,

500 1128 907 1213 suspicantes
950 1150 1052 1195 me
1102 1131 1397 1198 omnibus
1444 1131 1691 1197 viribus
1735 1129 2074 1208 adnixum,
2120 1134 2442 1213 quatenus
2496 1128 2791 1213 negocium
2897 1148 2899 1153 ·

496 1232 814 1299 librorum
860 1234 903 1300 J
904 1233 1301 1317 udaicorum,
1347 1236 1766 1304 laudabiliter
1823 1255 1943 1319 per
2003 1233 2367 1301 Caesaream
2424 1234 2792 1320 Majestatem

502 1343 805 1422 coeptum,
852 1338 1363 1409 interverterem.
1454 1343 1592 1427 Ego
1625 1361 1777 1407 vero
1823 1360 2032 1424 neque
2081 1359 2162 1404 ex
2196 1340 2220 1379 ¹
2263 1339 2473 1405 literis
2519 1338 2789 1423 Imperia·

498 1442 673 1509 libus
731 1464 940 1528 neque
998 1446 1484 1532 Archiepiscopi
1541 1445 1858 1531 conjicere
1923 1443 2126 1523 valui,
2196 1443 2354 1529 quid
2411 1444 2684 1511 finaliter
2733 1444 2796 1508 de
2899 1474 2901 1519 ι

498 1548 581 1615 iis
626 1554 909 1633 coeptum
958 1548 1171 1633 fuerit,
1218 1558 1334 1619 aut
1387 1553 1836 1630 constitutum,
1881 1570 2001 1615 nec
2057 1548 2249 1614 hodie
2304 1548 2458 1615 scio.
2551 1550 2616 1616 Si
2658 1550 2796 1615 enim

502 1658 787 1738 coeptum
832 1654 975 1734 fuit,
1022 1661 1097 1721 ut
1142 1678 1363 1725 omnes
1414 1656 1840 1724 Hebraeorum
1887 1654 2038 1720 libri
2083 1659 2550 1735 cremarentur,
2596 1660 2796 1739 praeter

501 1758 800 1841 Bibliam,
849 1765 1099 1827 certum
1147 1767 1265 1842 est,
1313 1763 1490 1847 quod
1519 1763 1644 1828 fuit
1687 1763 2020 1847 injustum,
2065 1759 2265 1825 etiam
2311 1782 2391 1825 ex
2417 1761 2654 1827 'vestris
2683 1780 2798 1825 con·
2901 1701 2903 1835 Ι

500 1864 682 1946 siliis,
750 1871 819 1931 et
882 1865 1157 1932 aliarum
1178 1868 1699 1933 'universitatum
1733 1867 1786 1948 ²,
1849 1886 1994 1951 quae
2051 1886 2222 1931 nunc
2268 1884 2524 1931 mecum
2584 1864 2796 1944 habe03

500 1970 601 2055 sin
644 1975 884 2049 autem,
931 1969 1106 2054 quod
1150 1992 1372 2039 omnes
1430 1971 1620 2037 illaesi
1666 1976 2034 2050 manerent,
2082 1970 2379 2036 similiter
2427 1977 2675 2037 certum
2723 1976 2798 2034 est

501 2073 677 2161 quod
722 2074 847 2140 fuit
890 2074 1215 2159 injustum.
1308 2076 1642 2155 Quomodo
1691 2095 1842 2161 ergo
1887 2075 2314 2142 intervertere
2345 2076 2638 2142 conabar
2666 2096 2802 2157 coep·
2904 2107 2905 2159 χ

500 2185 645 2246 tum
689 2179 1021 2263 negocium
1067 2180 1241 2265 quod
1286 2182 1666 2267 ignorabam
1712 2180 1994 2267 qualiter
2037 2186 2338 2266 coeptum,
2385 2200 2538 2247 cum
2587 2202 2663 2246 ex
2690 2180 2799 2245 sola

500 2285 801 2351 veritatis
846 2284 1261 2369 simplicitate
1306 2287 1467 2352 nihil
1513 2286 1758 2352 sinistri
1819 2287 2109 2371 cogitans
2167 2286 2254 2352 ad
2315 2284 2534 2371 ignem
2591 2285 2804 2371 judicas

499 2409 720 2457 veram
766 2395 1046 2475 quatuor
1090 2411 1329 2475 genera
1370 2392 1719 2473 librorum,
1774 2391 1983 2476 primo
2032 2391 2449 2476 blasphemiae
2468 2441 2485 2472 ,
2553 2390 2802 2458 secundo

502 2494 789 2579 haeresis,
837 2495 1033 2561 tertio
1064 2496 1331 2578 famosa,
1362 2503 1599 2582 quarto
1629 2481 1994 2581 reprobatae
2016 2497 2338 2564 lectionis.
2431 2498 2533 2565 De
2568 2495 2803 2581 reliquis
2905 2515 2907 2591 5

500 2622 711 2686 neque
757 2620 1037 2667 canones
1083 2601 1283 2668 habui
1328 2624 1538 2687 neque
1585 2601 1779 2687 leges.
2906 2594 2907 2625 ³

678 2704 808 2771 Sed
853 2705 1027 2791 quod
1072 2728 1176 2772 me
1207 2696 1598 2773 'insimulant
1638 2706 1936 2772 fautoriae
1972 2705 2249 2791 judaicae
2295 2705 2592 2790 perfidiae
2622 2712 2811 2771 notam

498 2809 875 2893 incurrisse,
940 2833 1069 2878 non
1124 2812 1472 2893 assentior,
1529 2817 1598 2877 et
1651 2832 1801 2877 vere
1849 2830 1994 2877 cum
2041 2812 2280 2877 Sancto
2325 2812 2721 2899 Hieronymo
2761 2810 2813 2874 in

499 2916 815 3001 Apologia
858 2936 1055 3001 super
1098 2916 1422 2983 schedulis
1468 2916 1556 2982 ad
1600 2917 2085 2983 Pammachium
2119 2916 2145 2956 ³
2191 2922 2258 2982 et
2288 2917 2627 2985 Oceanum
2670 2936 2815 2983 asse-

497 3042 643 3087 rere
674 3042 957 3105 possum,
1003 3022 1305 3088 testando
1336 3021 1528 3087 deum
1577 3027 1644 3087 et
1688 3021 1936 3090 dicere:
1975 3023 2110 3103 ·„Si
2156 3021 2419 3107 expedit
2467 3022 2683 3089 odisse
2725 3020 2814 3085 ho·

498 3128 706 3194 mines
752 3132 819 3192 et
863 3132 1087 3211 gentes
1102 3127 1383 3220 „ahquas
1430 3128 1767 3209 detestari,
1813 3127 1978 3194 miro
2025 3127 2175 3194 odio
2221 3148 2490 3195 aversor
2539 3126 2816 3194 circunci-

504 3232 751 3299 sionem
805 3237 874 3297 et
924 3231 1194 3317 objiciat
1252 3232 1411 3299 mihi
1456 3234 1779 3319 quispiam
1839 3255 1956 3300 cur
2012 3233 2334 3299 hominem
2380 3234 2421 3299 J
2425 3233 2683 3299 udaeum
2725 3230 2818 3294 ha-

505 3336 758 3404 buerim
824 3340 1354 3422 praeceptorem“.
1469 3340 1626 3405 Haec
1700 3336 1828 3404 ille.
1948 3338 2202 3405 Nullius
2279 3343 2502 3405 autem
2575 3333 2818 3403 rationis

510 3462 653 3529 quae
708 3442 828 3509 sub
884 3442 1039 3508 caelo
1096 3449 1199 3509 est
1252 3442 1594 3527 perfidiam
1653 3464 1757 3509 me
1821 3442 2062 3525 fovere,
2119 3445 2308 3510 testis
2369 3449 2472 3509 est
2519 3443 2658 3509 vita
2698 3459 2819 3507 mea

508 3568 704 3634 quam
751 3548 915 3615 duco
962 3546 1615 3631 irreprehensibilem.
2673 3531 2709 3557 ”’

684 3653 870 3732 Quod
900 3658 1123 3719 autem
1152 3653 1503 3720 vernacula
1531 3655 1750 3739 lingua
1780 3655 2027 3739 scripsi,
2062 3674 2216 3721 sane
2249 3653 2544 3737 oportuit
2568 3652 2819 3738 quidem.

501 3757 668 3824 Nam
727 3765 792 3825 et
858 3758 1077 3826 Caesar
1136 3764 1204 3824 et
1249 3759 1814 3845 Archiepiscopus‚
1875 3761 2110 3846 quibus
2173 3759 2347 3825 solus
2396 3759 2657 3843 scripsi,
2701 3775 2822 3821 ver-

504 3862 741 3929 nacula
782 3884 1036 3929 mecum
1084 3870 1383 3948 egerunt,
1447 3870 1524 3929 ut
1575 3865 1643 3929 in
1697 3866 2144 3932 commissione
2189 3863 2498 3930 mandato
2565 3869 2636 3929 et
2687 3879 2823 3945 prae-

500 3972 693 4053 cepto
738 3968 957 4035 videre
1004 3969 1232 4037 licebit
1263 3969 1308 4036 4.
1402 3969 1593 4048 Quod
1639 3970 1797 4037 item
1843 3971 1928 4037 ad
1990 3968 2365 4037 scandalum
2410 3968 2670 4045 attinet,
2713 3983 2822 4030 non

1661 4091 1696 4130 ³1⁸

647 4183 670 4229 1
712 4178 823 4231 Nec
860 4194 926 4229 ex
964 4181 1013 4229 3.
1159 4183 1187 4229 2
1228 4180 1481 4231 Consiliis
1519 4182 1709 4231 vestris
1749 4186 1801 4243 2,
1843 4180 1975 4230 aliar
2010 4178 2175 4245 univ.]
2217 4177 2308 4228 der
2343 4178 2587 4229 Mainzer
2638 4175 2825 4227 univer·

498 4269 633 4318 sitsst
667 4266 778 4332 vgl.
815 4265 1073 4317 Reuchlin
1118 4282 1163 4317 s.
1214 4271 1317 4319 236
1356 4269 1432 4334 fg.
1576 4270 1606 4317 3
1641 4269 1702 4318 In
1756 4267 1850 4318 der
1886 4283 1980 4333 pro
2017 4266 2169 4317 libris
2208 4266 2458 4316 adversus
2495 4264 2826 4315 Jovinianum

498 4352 567 4405 ad
605 4352 1000 4404 pammachium
1038 4354 1311 4420 apologia,
1348 4354 1484 4421 Opp.
1525 4348 1896 4407 ed.'Erasmus
1936 4356 2030 4417 111,
2069 4356 2137 4404 46
2175 4342 2227 4404 Β.
2267 4352 2434 4403 findet
2471 4352 2594 4403 sich
2631 4350 2712 4401 die
2749 4364 2824 4397 an-

500 4440 743 4510 gcfflhrte
796 4440 949 4492 stelle
1000 4440 1165 4495 nicht.
1312 4448 1345 4496 4
1386 4442 1540 4497 Obeu
1593 4445 1659 4500 26
1712 4442 1844 4510 auli,
1887 4446 1948 4493 12
1991 4445 2125 4513 Aug.
2173 4442 2334 4506 1510,
2391 4456 2501 4494 nro.
2550 4438 2698 4492 CXX
2735 4432 2826 4488 und

505 4526 695 4586 cxxl.
