2950 5042
1273 363 1358 432 61

189 557 355 619 tuam.
441 551 515 620 Id
591 553 884 640 profecto
947 561 1123 622 recte
1195 553 1607 624 admonuisti.
1700 553 1911 623 Callet
1974 553 2145 622 enim
2206 551 2475 644 vigilius

188 664 377 726 noster
429 658 656 726 harum
725 681 942 727 rerum
1002 661 1429 728 odoramenta
1485 681 1709 728 verum
1774 661 1841 728 in
1906 681 2045 728 rem
2100 683 2285 730 suam
2346 683 2475 730 non

189 786 402 848 parum.
491 765 594 831 Ad
640 766 778 852 ejus
822 767 1146 852 ingenium
1193 765 1362 834 adde
1409 774 1480 834 et
1525 768 1682 849 tuis,
1746 767 2031 852 conjugis
2078 767 2477 852 experimen-

189 875 318 936 tum.
402 871 533 954 Ego
592 871 886 956 profecto
945 872 1458 958 philosophicam
1518 895 1661 940 sum
1722 873 2147 959 adjuncturus
2192 895 2477 958 operam,

189 997 286 1058 pro
325 978 410 1042 eis
453 977 572 1043 tibi
617 977 814 1045 rebus
862 979 1316 1062 conquirendis
1363 984 1563 1065 atque
1608 979 1961 1060 mittendis,
2010 979 2245 1065 quibus
2290 978 2479 1045 intel-

189 1081 350 1163 ligam
394 1087 458 1148 et
501 1083 774 1150 aedibus
821 1083 954 1151 suis
1000 1105 1164 1169 opus
1196 1107 1337 1153 esse
1385 1091 1454 1153 et
1482 1107 1585 1152 me
1618 1085 1739 1154 tibi
1768 1107 1999 1152 curare
2028 1105 2237 1170 posse.
2298 1083 2477 1166 Vale,

191 1207 283 1252 nos
323 1189 570 1272 quidem
599 1190 906 1271 valemus,
951 1189 1016 1255 in
1080 1213 1352 1276 quorum
1397 1211 1663 1258 numero
1728 1190 2187 1277 discipulorum
2220 1195 2477 1258 tuorum

193 1291 426 1360 Thomas
443 1295 766 1362 Truchses
789 1297 810 1335 ¹
842 1317 971 1362 una
1001 1317 1252 1364 mecum
1284 1303 1352 1364 et
1367 1298 1615 1364 Joanne
1648 1303 1869 1363 nostro
1901 1296 2201 1382 religioso
2232 1317 2478 1363 summe

195 1418 244 1464 se
269 1398 372 1465 tibi
399 1401 827 1467 commendat.
891 1402 990 1467 Ex
1020 1401 1212 1487 Spira
1245 1408 1300 1468 5.
1347 1402 1566 1470 idibus
1598 1401 2015 1487 Septembris.
2064 1403 2247 1468 Anno
2288 1407 2481 1468 1499.

335 1509 652 1571 Gedruckt:
714 1516 742 1570 1
783 1532 867 1564 =
925 1510 988 1572 G.
1031 1530 1086 1574 v.
1130 1530 1182 1573 e.
1218 1512 1256 1576 d
1291 1507 1463 1584 4⁸·b3
1516 1516 1552 1574 2
1600 1511 1771 1571 εὖ.
1818 1529 1868 1572 v.
1911 1529 1962 1571 e.
2012 1505 2271 1586 eii⁸·b;
2322 1511 2361 1570 3
2395 1529 2478 1570 -τ

203 1613 249 1675 G.
279 1632 320 1676 v.
358 1633 404 1678 e.
433 1617 492 1678 H
524 1616 629 1677 fol.
667 1611 788 1678 271³
820 1634 904 1692 sq.

1171 1798 1458 1868 LXVIII.

301 1903 634 1972 Heidelberg.
2012 1908 2041 1954 2
2080 1903 2212 1957 NoV.
2258 1908 2409 1962 1499.

192 2019 233 2096 J
231 2049 470 2102 oannes
497 2025 844 2122 Wacker,
884 2023 1114 2100 latine
1140 2023 1462 2123 Vigilius
1486 2023 1531 2122 ²,
1572 2024 1626 2101 ‚J
1628 2025 1775 2100 uris
1813 2026 2191 2127 utriusque
2225 2028 2483 2106 doctor

680 2149 964 2223 Joanni
998 2147 1364 2222 Reuchlin
1401 2147 1713 2223 salutem
1750 2148 1948 2223 dicit.

334 2288 517 2368 Quod
565 2311 683 2373 ego
730 2289 818 2355 mi
865 2287 1156 2372 Capnion
1201 2287 1516 2354 haetenus
1564 2295 1629 2355 et
1676 2288 1759 2357 ab
1808 2309 1887 2356 ea
1913 2287 2075 2357 hora
2120 2313 2251 2377 qua
2295 2312 2336 2358 a
2378 2313 2482 2360 me

187 2389 509 2462 discessisti
538 2415 746 2477 usque
792 2393 859 2458 in
891 2393 1060 2459 hunc
1109 2393 1297 2474 diem,
1337 2389 1543 2459 'etiam
1574 2393 1705 2460 tuis
1749 2393 1959 2462 literis
2004 2396 2072 2463 id
2118 2419 2160 2464 a
2198 2419 2303 2464 me
2351 2399 2487 2464 exi-

187 2501 454 2580 gentibus
486 2500 648 2565 nihil
678 2500 1016 2565 literarum
1063 2499 1148 2564 ad
1193 2505 1260 2564 te
1305 2520 1597 2564 mearum
1640 2499 1947 2582 dederim,
1981 2503 2084 2567 vix
2128 2504 2354 2584 ausim,
2401 2525 2482 2570 ne

185 2601 366 2671 dicam
409 2607 671 2690 possim,
718 2625 819 2670 me
871 2625 1211 2683 excusare,
1264 2625 1409 2670 cum
1455 2610 1555 2669 tot
1599 2605 1852 2670 interea
1906 2605 2244 2672 habuerim
2288 2609 2484 2674 orati-

185 2729 313 2777 ones
345 2711 689 2792 scribendi‚
738 2717 964 2794 totque
996 2711 1280 2790 nunciOS‚
1329 2716 1402 2774 ut
1433 2709 1607 2774 mille
1639 2709 1724 2776 ad
1768 2717 1835 2776 te
1884 2716 1950 2777 et
1979 2711 2479 2778 innumerabiles

183 2817 467 2898 epistolas
527 2817 684 2882 dare
739 2817 1114 2900 potuissem.
1209 2815 1338 2882 Sed
1384 2820 1458 2880 ut
1506 2813 1737 2881 saltem
1784 2837 1929 2896 uno,
1978 2817 2033 2881 si
2078 2817 2253 2897 velis,
2299 2838 2485 2902 argu-

183 2927 374 2989 mento
412 2944 516 2988 me
562 2920 810 2988 habeas
845 2926 1240 3002 excusatum,
1289 2926 1493 3007 utque
1525 2942 1747 2987 verum
1791 2921 2052 3006 loquar,
2100 2943 2224 2988 non
2270 2927 2485 2988 trans-

185 3024 247 3092 iit
299 3028 532 3094 mensis
577 3034 729 3112 post
771 3032 954 3093 tuam
1001 3025 1355 3094 abitionem
1388 3026 1544 3112 quin
1592 3033 1660 3092 et
1704 3047 1745 3092 a
1774 3027 2065 3112 principe
2100 3026 2127 3067 ⁸
2172 3035 2238 3095 et
2267 3051 2309 3094 a
2340 3051 2486 3095 can-

188 3131 420 3200 cellario
467 3140 535 3200 et
575 3135 830 3200 interea
879 3119 1112 3218 s'aepius
1161 3132 1516 3199 audiverim
1558 3137 1625 3198 te
1656 3139 1973 3216 vocatum,
2020 3133 2145 3200 tibi
2174 3135 2485 3220 scriptum

189 3239 358 3308 etiam
400 3262 598 3307 manu
643 3241 971 3325 principis,
1017 3245 1093 3304 ut
1133 3240 1260 3305 huc
1290 3239 1561 3320 venires,
1608 3238 2029 3323 quamobrem
2074 3241 2353 3308 maxime
2384 3263 2488 3307 ca-

189 3340 366 3416 lamus
408 3369 596 3415 meus
643 3367 788 3414 sese
832 3345 1168 3428 continuit,
1215 3344 1436 3413 volens
1496 3345 1711 3412 omnia
1770 3344 1839 3411 in
1898 3350 2083 3413 tuum
2140 3345 2488 3415 adventum

1307 3474 1344 3516 ᾖ

312 3570 333 3619 1
371 3563 646 3622 Johannes
685 3565 977 3620 Truehsess
1015 3582 1119 3619 von
1155 3564 1604 3632 Wetzenhausen,
1654 3563 2094 3631 domscholaster,
2142 3563 2215 3620 ist
2249 3559 2489 3634 general·

200 3649 315 3709 vikar
346 3660 401 3708 in
441 3659 625 3725 Speier
664 3661 692 3709 9
721 3658 850 3710 Nov.
885 3658 1014 3708 1507
1045 3658 1126 3709 bis
1157 3657 1310 3720 1513,
1348 3656 1653 3724 dompropst
1691 3657 1722 3706 8
1746 3655 1863 3706 Juli
1894 3656 2027 3705 1517
2066 3650 2151 3706 bis
2188 3667 2253 3705 zu
2290 3656 2489 3706 seinem

196 3743 288 3796 tede
321 3751 352 3796 4
385 3745 502 3799 Juli
547 3749 698 3797 1523.
760 3745 878 3811 Vgl.
919 3744 1179 3813 Remling,
1219 3745 1400 3812 gesch.
1437 3743 1488 3796 d.
1527 3743 1697 3798 bisch.
1736 3759 1786 3796 v.
1824 3743 2005 3810 Speier
2046 3746 2074 3793 2
2104 3741 2191 3794 bd.
2230 3759 2272 3794 s.
2304 3745 2406 3794 833
2433 3744 2487 3796 ff.

195 3832 218 3878 2
241 3831 488 3888 Johannes
513 3835 746 3886 Wacker
771 3833 1046 3901 (vigilius)
1071 3833 1191 3901 geb.
1219 3835 1273 3884 in
1301 3832 1579 3899 Sinsheim,
1604 3833 1743 3885 stud.
1774 3833 1875 3884 seit
1903 3833 2039 3883 1480
2064 3831 2120 3880 in
2147 3825 2490 3898 Heidelberg,

194 3915 446 3978 besonders
473 3923 870 3990 jurisprudenz,
926 3925 1057 3974 1491
1099 3921 1279 3974 doctor
1323 3922 1430 3974 und
1480 3922 1756 3986 licenciat,
1814 3923 1946 3973 1492
1986 3935 2103 3972 sum
2143 3924 2316 3976 ersten
2351 3920 2492 3974 male

195 4017 359 4077 rector,
415 4028 520 4066 von
567 4011 828 4066 Raimund
889 4027 992 4062 von
1032 4011 1179 4062 Gurk
1233 4011 1340 4062 und
1387 4007 1655 4080 pfalzgraf
1698 4009 1916 4076 Philipp
1966 4009 2045 4060 als
2095 4010 2212 4062 rath
2257 4008 2491 4078 beniitzt.

196 4091 410 4152 Schwabe
435 4096 687 4168 Syllabas
713 4106 970 4152 rectorum
1002 4095 1549 4167 Heydelbergensium
1576 4092 1617 4160 Ῐ,
1644 4114 1685 4149 s.
1716 4095 1797 4149 78.
1848 4096 1917 4148 Er
1940 4089 2206 4149 bewahrte
2230 4089 2491 4148 Reuehlin

199 4183 264 4236 die
305 4190 660 4242 freundschaft
711 4191 793 4242 bis
849 4192 900 4239 in
941 4190 1023 4239 die
1060 4189 1216 4238 letzte
1257 4191 1374 4252 neit,
1431 4189 1539 4255 vgl.
1581 4203 1631 4237 u.
1677 4187 1826 4236 1520.
1902 4186 1992 4236 Ich
2046 4185 2257 4236 mochte
2311 4185 2491 4235 diesen

195 4272 396 4330 frischen
430 4278 571 4330 brief
601 4278 752 4328 nicht
789 4277 1202 4338 unterdriicken,
1260 4292 1408 4326 wenn
1460 4292 1517 4326 es
1569 4275 1703 4325 auch
1752 4275 1900 4324 nicht
1940 4274 2201 4340 gelungen
2242 4274 2335 4335 ist,
2388 4271 2491 4323 alle

199 4366 534 4424 persbnlichen
580 4366 960 4434 anspielungen
1016 4364 1292 4415 desselben
1344 4381 1406 4415 zu
1463 4363 1723 4414 erklaren.
1870 4365 1899 4411 3
1958 4359 2223 4428 princeps]
2278 4359 2490 4430 Philipp

199 4462 283 4500 von
316 4453 397 4505 der
435 4457 603 4520 psalm
645 4452 1012 4522 cancellarius]
1055 4453 1288 4504 Dietrich
1328 4469 1429 4504 von
1469 4451 1779 4518 Pleningen.
