2950 5042
1340 393 1469 464 363

240 589 516 650 sententia
548 593 609 648 et
638 603 745 666 pro
776 587 867 648 Jo.
899 587 1063 668 (εἰεί)
1094 589 1480 652 Hochstrateu
1511 587 1694 651 fratre
1726 587 1943 651 ordinis
1972 589 2414 667 praedicatorum
2445 589 2567 653 lata

239 711 406 770 super
452 695 743 770 speculum
790 695 1036 756 oculare.
1118 686 1279 757 Uber
1310 697 1418 757 den
1451 697 1860 775 augenspiegel
1903 668 2093 774 trag?
2107 698 2197 758 ich
2243 699 2333 758 bei
2376 700 2566 759 dieser

242 802 597 876 gelegenhelt
654 798 923 875 folgende
984 803 1144 862 nicht
1204 804 1669 863 uninteressante
1731 805 1894 864 stelle
1956 803 2122 864 nach.
2211 806 2568 878 Augustinus

238 907 479 967 Blaurer
508 907 762 968 schreibt
793 923 867 965 an
904 907 1181 967 Gervicus
1212 908 1458 968 Blaurer
1491 911 1549 968 ln
1580 909 1866 970 Constanz
1899 907 2240 989 (undatiert)
2273 899 2567 986 folgeudes

238 1013 407 1086 (vau.
443 1010 913 1087 briefsammlang
946 1015 1001 1072 in
1036 1015 1118 1072 st.
1152 1013 1358 1074 canen
1392 1022 1528 1074 tom.
1563 1015 1696 1088 xn,
1734 1013 1912 1089 209):
2291 1087 2296 1092 ,
2521 995 2528 1000 ’

413 1115 661 1202 Adjicio
719 1115 802 1182 ad
849 1114 1231 1200 Catalogum
1276 1116 1588 1183 librorum
1644 1118 1828 1184 nobis
1871 1118 2452 1204 comparandorum
2501 1124 2568 1185 et

235 1222 440 1288 illum:
504 1221 781 1289 Oculare
838 1220 1168 1306 speculum
1218 1221 1486 1288 ,Ioannis
1535 1223 1868 1288 Reuchlini
1915 1222 2088 1309 quod
2149 1223 2258 1290 ille
2307 1224 2569 1309 scripsit

232 1329 297 1392 in
342 1327 715 1412 germanica
760 1333 986 1394 nostra
1034 1328 1251 1412 lingua
1298 1327 1531 1393 deinde
1581 1329 1967 1395 translatum
2017 1335 2119 1394 est
2165 1327 2322 1396 illud
2370 1328 2435 1394 in
2477 1328 2569 1394 la·

235 1434 435 1499 tinam
486 1447 757 1520 'quoque
820 1433 1105 1517 phrasim
1173 1455 1212 1499 a
1274 1433 1557 1499 Mai-tino
1625 1434 1950 1517 Groningo
2013 1434 2342 1500 Bremensi
2399 1433 2568 1520 juris

232 1539 575 1625 utriusque
635 1537 907 1604 doctori.
1000 1539 1233 1605 Utrum
1294 1540 1505 1625 possis
1571 1561 1949 1625 comparare
2009 1539 2172 1606 illud
2235 1537 2568 1624 exemplar

232 1644 495 1725 mittito,
542 1645 805 1710 tametsi
854 1645 1290 1729 germanicum
1337 1646 1582 1730 gratius
1632 1653 1832 1726 esset3
1869 1654 2225 1732 ‚utrumque
2273 1646 2327 1712 sl
2381 1651 2568 1730 potes

233 1749 655 1836 (quamquam
732 1750 1077 1816 difficulter
1138 1773 1389 1836 sperem
1452 1758 1529 1816 ut
1589 1753 1824 1836 possis)
1885 1753 2092 1818 mitte.
2194 1753 2424 1832 Quaere
2449 1747 2462 1760 ”
2489 1773 2570 1817 ex

231 1857 508 1922 Domino
572 1855 871 1922 Conrado
936 1858 989 1922 si
1052 1857 1405 1943 aliquando
1466 1857 1706 1923 viderit
1763 1858 1922 1923 illud
1983 1864 2100 1924 aut
2161 1858 2391 1941 legerit
2453 1866 2570 1923 aut

231 1963 282 2028 si
328 1963 572 2048 possit,
624 1970 987 2029 mutuatum
1037 1963 1223 2030 uobis
1270 1985 1385 2050 per
1431 1984 1674 2048 paucos
1722 1963 1860 2028 dies
1911 1964 2078 2029 bona
2122 1962 2249 2029 fide
2297 1963 2570 2029 redden-

231 2068 382 2134 dum
430 2068 790 2155 acquirere.
884 2068 1146 2135 Refellit
1190 2071 1255 2136 in
1308 2091 1384 2136 eo
1431 2067 1742 2153 opusculo
1788 2068 1954 2136 Joan
2002 2069 2316 2135 Reuchlin
2354 2073 2374 2109 ¹
2423 2068 2570 2156 (aut

233 2173 507 2259 CapniO,
578 2181 651 2240 ut
704 2196 773 2240 se
833 2176 1041 2260 ipsum
1104 2197 1316 2261 graece.
1378 2176 1592 2262 vocat)
1641 2197 1862 2243 omnes
1910 2175 2374 2259 papisticorum
2420 2173 2574 2240 insi-

232 2279 372 2347 dias
432 2279 797 2366 falsamque
858 2282 1339 2348 accusationem
1399 2303 1595 2367 quam
1656 2283 1720 2348 in
1768 2281 2099 2347 interitum
2145 2280 2321 2347 illius
2367 2287 2574 2346 struc-

235 2386 393 2453 bant
440 2385 1111 2472 machinabanturque
1159 2389 1331 2454 nitra
1376 2395 1522 2454 arte
1553 2409 1630 2454 ac
1676 2388 1954 2472 ingenim
2004 2388 2101 2453 vir
2133 2386 2324 2472 plane
2357 2385 2570 2452 divino

232 2494 557 2576 praeconio
615 2491 872 2575 dignus,
942 2493 1052 2578 qui
1114 2492 1213 2558 vel
1275 2495 1522 2577 primus
1580 2494 1724 2559 dira
1782 2514 1859 2557 ac
1919 2492 2178 2558 funesta
2224 2491 2564 2576 impiorum

231 2599 373 2664 lora
419 2604 621 2684 atque
669 2598 921 2665 vincula
969 2599 1203 2685 quibus
1236 2599 1488 2664 tamdiu
1519 2598 1997 2682 stringebamur
2027 2597 2342 2681 praerupit
2371 2602 2569 2680 atque

231 2704 426 2790 fregit
490 2725 621 2770 non
681 2706 976 2789 exiguum
1042 2705 1154 2770 sed
1216 2725 1514 2788 maguum
1579 2702 2056 2770 emolimentum
2115 2699 2394 2767 afferens
2441 2700 2572 2765 Lu-

230 2811 419 2878 thero
470 2811 862 2896 exterisque.

408 2923 556 2983 Zum
608 2921 861 2980 schlusse
906 2920 1052 2997 gebe
1098 2921 1216 2994 ich,
1265 2937 1392 2979 zum
1438 2919 1580 2980 theil
1622 2921 1706 2978 im
1737 2920 2070 2979 anschlusse
2111 2935 2185 2977 an
2219 2916 2368 2977 oben
2400 2933 2445 2975 S.
2483 2919 2564 2976 93

229 3048 280 3089 a.
317 3033 377 3103 2,
423 3023 700 3102 folgende
739 3029 875 3087 zwei
916 3025 1367 3102 grabschriften,
1422 3026 1634 3085 welche
1675 3027 1796 3086 sich
1838 3028 1896 3086 in
1929 3026 2033 3085 der
2061 3021 2424 3084 handschrift
2453 3021 2568 3082 Ba-

228 3137 381 3196 seler
412 3135 515 3198 off.
546 3135 681 3196 bibl.
713 3134 786 3193 D.
813 3133 910 3206 IV,
948 3138 981 3193 7
1022 3137 1149 3192 430
1183 3133 1283 3192 SS.
1320 3134 1378 3192 in
1415 3127 1485 3192 4⁰
1513 3130 1800 3192 befinden.
1851 3131 1958 3189 Die
1987 3127 2344 3190 haudscbrift
2375 3128 2570 3188 wurde

229 3243 537 3318 begonnen
569 3258 680 3300 von
713 3238 1071 3313 BonifaciuS,
1115 3236 1451 3314 fortgesetzt
1482 3255 1592 3299 von
1623 3238 1871 3298 Basilius
1903 3236 2253 3308 Amerbach,
2300 3251 2410 3294 von
2441 3231 2569 3293 dem

224 3349 373 3408 auch
406 3346 505 3407 die
537 3345 845 3422 folgenden
878 3345 1253 3420 geschrieben
1282 3346 1427 3404 siud.
1511 3343 1609 3402 Ich
1647 3343 1940 3403 verdanke
1979 3342 2148 3401 beide
2190 3341 2294 3399 der
2340 3338 2572 3399 freund-

222 3455 418 3515 lichen
468 3453 835 3528 mittheilung
882 3451 985 3512 des
1029 3451 1140 3508 hrn
1198 3450 1264 3509 dr
1314 3450 1381 3510 L.
1417 3450 1619 3509 Sieber
1666 3451 1724 3507 iu
1771 3446 1961 3507 Basel.
2055 3446 2168 3506 Die
2213 3449 2341 3506 eine
2387 3446 2574 3504 lautet

224 3561 296 3640 (s.
338 3557 531 3636 407):

404 3661 703 3728 Joannes
754 3659 1066 3726 Reuchlin
1112 3657 1425 3724 Phorcen.
1470 3656 1578 3723 LL
1619 3654 1629 3744 Ι
1673 3658 1914 3724 Doctor
1977 3675 2190 3721 comes
2245 3651 2573 3738 palatinus

223 3765 591 3854 lateii-anus
642 3764 1123 3832 sicambrorum
1156 3764 1315 3848 legis
1348 3763 1590 3828 tacitus
1631 3760 1640 3849 Ι
1683 3762 1974 3846 Sueviaeq
2017 3759 2318 3825 triumuir
2350 3758 2570 3842 Postq.

224 3873 457 3940 Musas
502 3870 513 3959 Ι
556 3872 985 3956 elegantiores
1032 3857 1175 3937 orbi
1205 3870 1421 3936 Germ.
1459 3868 1751 3934 restituit
1791 3869 1803 3945 Ι
1841 3889 1917 3932 ac
1963 3864 2335 3932 hebraicam
2384 3862 2576 3929 simul

224 3984 291 4043 et
357 3998 639 4062 grecam
702 3977 913 4061 lingua
952 3975 962 4062 Ι
1004 3976 1089 4041 ab
1144 3974 1414 4040 interitu
1466 3972 1729 4040 reduxit
1783 3973 1957 4056 cepit
2013 3993 2054 4037 a
2097 3966 2380 4056 perfildis
2434 3967 2578 4034 lite·

224 4105 455 4151 rarum
507 4082 805 4149 hostibus
853 4081 1161 4166 sophistis
1220 4076 1697 4165 preldicatorijs
1743 4077 1888 4144 frib.
1937 4076 2333 4143 Hochstrato
2381 4094 2527 4140 cum
2564 4071 2570 4160 Ι

224 4189 505 4275 reliquis
565 4189 697 4254 suis
756 4195 824 4254 et
869 4186 1235 4253 Christiano
1295 4184 1525 4252 Judaeo
1569 4187 1580 4272 Ι
1619 4181 2020 4250 Psefferkorn
2073 4188 2334 4266 tamqua
2392 4201 2578 4246 nouae

224 4303 293 4362 et
338 4293 695 4381 perlversae
741 4293 1053 4359 doctrinae
1100 4291 1334 4358 author
1381 4290 1621 4374 corripi
1659 4289 1668 4372 Ι
1711 4296 1844 4375 atq.
1892 4287 2252 4374 multiiugis
2296 4285 2422 4355 fori
2475 4307 2581 4354 ca·

1390 4431 1427 4470 ηε

376 4529 399 4578 1
446 4525 555 4577 Am
594 4520 744 4574 rand:
782 4522 859 4574 Ex
895 4521 1122 4593 alicujus
1160 4521 1285 4572 boni
1324 4519 1427 4572 viri
1462 4517 1781 4571 bibliotheca
1818 4515 1969 4572 illud.
