2950 5042
1257 401 1336 472 77

180 593 520 681 optaremus
541 596 716 681 quod
742 595 1084 664 divortium
1111 597 1132 635 ¹
1165 603 1386 682 posset
1406 596 1752 664 coelebrari
1782 597 1955 664 iuter
1976 602 2039 664 te
2072 613 2467 682 uxoremque

176 710 322 768 tuam
379 704 510 787 ejus
569 709 790 767 tamen
849 724 1198 781 consensu,
1266 725 1460 789 quam
1520 703 1865 786 plurimum
1924 708 2147 770 nostro
2210 704 2467 772 nomine

176 809 384 874 salvam
428 830 566 874 esse
605 808 890 892 jubebis.
983 808 1234 874 Iterum
1281 808 1446 875 vale.
1539 811 1689 875 Dat.
1734 814 1813 874 ut
1856 829 2073 894 supra.

321 917 632 978 Gedruckt:
695 923 722 976 1
762 939 843 974 =
878 919 939 977 C.
977 937 1028 978 v.
1065 935 1116 978 e.
1154 920 1171 976 i
1205 919 1306 990 ii83
1344 923 1379 978 2
1417 940 1501 972 =
1533 919 1588 980 J.
1624 937 1676 978 v.
1712 935 1762 978 e.
1796 918 1915 992 14;
1953 921 1989 978 3
2030 939 2108 974 -ε
2142 917 2207 980 C.
2239 935 2290 978 v.
2324 934 2375 978 e.
2412 917 2468 978 11

178 1021 252 1081 fol.
287 1018 419 1096 67b;
475 1029 615 1082 4=
642 1024 837 1097 Majus
870 1026 908 1084 l.
942 1041 992 1084 e.
1026 1043 1072 1084 s.
1111 1027 1258 1084 209.

1129 1195 1477 1264 LXXXIII.

288 1287 528 1354 Venedig.
1892 1289 1953 1338 ιε
1996 1287 2198 1352 August
2243 1289 2395 1342 1502.

179 1381 370 1458 Aldus
387 1383 765 1458 Manutius
791 1384 1167 1458 Romanus
1197 1384 1222 1422 ²
1253 1383 1537 1458 Joanni
1566 1381 1933 1457 Reuchlin
1965 1383 2367 1458 Phoreensi
2389 1377 2463 1460 Si

316 1525 526 1589 Amari
572 1546 678 1588 me
729 1524 848 1588 abs
896 1531 962 1588 te
994 1525 1362 1608 plurimum,
1410 1523 1499 1588 mi
1537 1522 1841 1602 Joanne8‚
1878 1523 2269 1608 jampridem
2300 1525 2467 1606 novi,

186 1649 276 1692 non
322 1651 452 1696 meo
500 1632 566 1695 in
621 1639 686 1694 te
737 1629 869 1694 ullo
918 1629 1120 1694 officio
1171 1630 1280 1694 sed
1331 1628 1735 1694 humanitate
1782 1634 1915 1708 tua,
1962 1651 2183 1712 quare,
2233 1630 2353 1695 nisi
2402 1637 2466 1698 te

195 1731 778 1818 benevolentiamque
846 1740 1023 1801 tuam
1070 1733 1330 1819 plurimi
1378 1733 1647 1813 faciam,
1712 1735 1831 1800 sim
1900 1733 2091 1818 plane
2155 1736 2465 1820 ingratus,

195 1836 271 1902 sed
312 1847 363 1905 et
404 1841 576 1910 facio
629 1840 888 1923 plurimi
937 1848 1004 1905 et
1051 1840 1314 1906 redamo
1363 1862 1781 1924 magnopere.
1875 1841 1971 1905 Ex
2018 1840 2201 1906 libris
2248 1847 2467 1908 autem

186 1965 298 2026 quos
351 1947 518 2030 petis
583 1947 778 2011 mitto
843 1946 1086 2012 Julium
1147 1947 1501 2024 Pollucem,
1572 1947 1967 2030 Stephanum
2030 1944 2110 2011 de
2176 1946 2467 2028 urbibuS,

177 2048 581 2134 Thucydidem,
637 2051 1128 2136 Etymologicon
1161 2074 1462 2136 magnum
1499 2048 1541 2131 ³,
1590 2051 2008 2118 Prudentium
2044 2052 2467 2122 christianum

173 2164 366 2236 poetam
431 2181 583 2224 eum
640 2180 767 2244 quo
820 2164 886 2223 et
933 2180 1145 2242 graeea
1193 2157 1490 2242 quaedam
1540 2159 1858 2240 impressa
1904 2166 2089 2240 sunt,
2137 2159 2467 2226 sedulium

170 2259 289 2324 item
331 2284 466 2328 eum
519 2264 816 2328 Juvenco
867 2271 932 2328 et
982 2265 1300 2343 Aratore‚
1366 2285 1509 2328 cum
1558 2263 1793 2348 quibus
1842 2271 1907 2328 et
1956 2265 2469 2330 Homerocentra

168 2363 556 2448 imprimenda
624 2370 863 2434 curavi.
959 2369 1194 2436 Suidas
1243 2369 1268 2406 ⁴
1331 2390 1456 2434 non
1506 2374 1648 2434 erat
1708 2369 1885 2453 apud
1930 2391 2031 2435 me
2084 2377 2149 2436 et
2196 2371 2465 2436 nuncius

167 2475 285 2536 tuus
343 2475 608 2540 dicebat
668 2496 792 2539 non
857 2497 1000 2540 esse
1066 2475 1192 2540 sibi
1250 2475 1394 2558 plus
1454 2475 1742 2558 peeuniae
1806 2475 1921 2540 sed
1986 2476 2345 2542 rediturum
2395 2498 2465 2542 se

167 2573 311 2642 brevi
354 2580 666 2644 Venetiae
715 2587 780 2644 et
826 2581 1148 2646 facturum
1199 2581 1370 2665 quod
1407 2582 1702 2664 jusseris.
1794 2583 2119 2648 Praeterea
2166 2582 2466 2664 impressi

164 2689 285 2745 sunt
325 2705 401 2748 ex
432 2685 685 2750 Graeois
733 2685 801 2750 hi
846 2693 996 2770 post
1043 2708 1242 2770 opera
1275 2685 1649 2752 Aristotelis
1700 2707 1841 2769 quae
1889 2708 1929 2750 a
1976 2685 2159 2752 nobis
2206 2709 2465 2772 quoque

163 2784 360 2854 habes:
407 2790 868 2874 Aristophanis
931 2792 1261 2858 eomoecliae
1305 2813 1535 2859 novem
1583 2814 1727 2858 cum
1776 2794 2273 2872 commentariis,
2320 2793 2466 2876 Epi-

1282 2927 1318 2966 a:

293 3006 309 3050 1
355 3002 454 3053 Die
491 3001 974 3068 sebwierigkeiten,
1014 3002 1095 3054 die
1123 3005 1174 3052 in
1203 3005 1380 3054 diesen
1408 3011 1599 3055 werten
1630 3003 1817 3070 liegen,
1858 3002 1992 3056 habe
2028 3004 2111 3054 ioh
2154 3003 2467 3071 angedeutet

165 3085 385 3139 Rem-hliu
426 3107 467 3139 ι.
517 3092 600 3152 28,
643 3107 688 3140 a.
719 3095 766 3140 3.
880 3095 907 3140 2
954 3091 1116 3141 Aldus
1157 3093 1424 3142 Manutius
1465 3093 1583 3158 geb.
1625 3109 1668 3142 e.
1705 3091 1835 3142 1449
1877 3093 1927 3142 in
1960 3091 2227 3155 Bassiano,
2264 3087 2463 3144 kommt

164 3177 268 3225 nach
313 3180 461 3240 Rom,
520 3184 696 3243 spstter
733 3180 868 3228 nach
909 3180 1146 3243 Fen-rara,
1202 3197 1280 3230 wo
1333 3198 1387 3230 er
1432 3181 1729 3246 griechiseh
1784 3181 1869 3231 bei
1920 3181 2155 3247 Baptista
2197 3182 2461 3232 Guarinus

165 3261 297 3314 lernte
333 3267 440 3317 und
475 3266 801 3316 nannentlieh
839 3268 936 3316 den
969 3268 1170 3334 jungeri
1200 3271 1396 3318 fiirsten
1428 3270 1675 3322 Albertus
1706 3269 1827 3319 Pius
1858 3269 2248 3321 unterrichtetc.
2312 3272 2465 3320 Danu

168 3348 249 3401 lebt
287 3371 338 3404 er
381 3357 436 3406 in
480 3355 784 3406 Mirandula
821 3355 926 3404 und
967 3357 1125 3423 Carpi
1175 3359 1278 3408 und
1325 3359 1551 3409 arbeitet
1586 3358 1670 3408 fiir
1712 3359 1857 3408 seine
1894 3359 2106 3410 sehiiler
2144 3357 2320 3408 kleine
2356 3373 2465 3408 mer

171 3439 326 3492 trische
362 3443 468 3494 und
511 3445 918 3507 grammatisehe
965 3444 1216 3494 sebi-isten
1255 3461 1366 3516 aug.
1442 3425 1621 3512 Gegen
1674 3450 1803 3497 1490
1855 3445 2037 3513 begibt
2079 3463 2133 3496 er
2170 3445 2285 3496 sich
2326 3446 2463 3496 nach

175 3525 382 3598 Venedig,
439 3548 530 3584 um
585 3531 701 3580 dort
745 3530 861 3580 eine
910 3531 1188 3582 druekerei
1233 3551 1296 3583 zu
1342 3534 1631 3596 ert-ichten,
1683 3534 1787 3586 und
1834 3534 1918 3584 die
1960 3534 2131 3584 werke
2171 3533 2261 3584 der
2300 3534 2463 3596 alten,

178 3620 452 3670 namentlich
494 3619 587 3668 der
623 3620 888 3686 grieehen,
927 3621 984 3670 in
1021 3619 1281 3687 riohtigeu
1323 3629 1497 3672 texten
1539 3639 1605 3672 zu
1632 3622 1943 3672 verbu-eiten.
2010 3623 2163 3672 Seine
2189 3623 2462 3687 ausgaben

179 3699 257 3762 (dns
299 3715 437 3758 erste
493 3707 629 3756 buch
679 3708 922 3760 ersehien
982 3709 1139 3773 1494)
1177 3708 1428 3758 zeIehuen
1477 3710 1591 3760 sicli
1644 3709 1939 3760 manehmal
1986 3710 2149 3760 durch
2206 3711 2464 3764 kritisclio

173 3794 380 3857 sorgsalt,
438 3796 623 3844 immet
673 3795 838 3846 dureh
885 3797 1118 3848 schonen
1165 3796 1328 3848 druek
1379 3799 1483 3848 und
1520 3808 1671 3863 gutes
1710 3799 1891 3863 papier
1932 3813 2045 3848 aus.
2127 3799 2238 3846 Von
2280 3799 2463 3848 seinen

169 3877 324 3942 cignen
359 3883 574 3934 wei-ken
615 3883 786 3934 haben
839 3883 922 3934 die
970 3884 1284 3936 lateinisches
1330 3884 1436 3934 und
1471 3885 1803 3950 griechisehe
1841 3885 2156 3951 grammatik
2197 3885 2297 3936 den
2334 3889 2463 3938 mei·

168 3971 258 4015 sten
293 3973 498 4022 werth-⁸
541 3973 613 4020 Er
659 3972 802 4022 starb
841 3974 872 4020 8
913 3971 1062 4022 Febr.
1110 3975 1263 4023 1515.
1345 3973 1462 4038 Vgl.
1510 3973 1641 4024 iiber
1690 3975 1780 4022 ibn
1828 3973 2111 4024 die'unten
2152 3975 2463 4040 ungefflhrto

169 4053 325 4106 schrift
371 4075 472 4107 von
523 4057 750 4110 Sebiiek.
832 4061 968 4112 Dans
1016 4075 1071 4109 er
1119 4060 1202 4110 die
1251 4061 1657 4113 bekanntsehaft
1700 4060 1987 4112 Reuehlins
2042 4065 2175 4112 1498
2220 4063 2465 4129 gemacht

167 4137 253 4203 hat,
277 4147 408 4209 ‚geht
443 4161 538 4199 aus
575 4146 692 4196 dem
734 4148 804 4196 im
844 4147 1052 4210 anhang
1089 4149 1470 4213 mitgetheilten
1512 4148 1677 4199 briefe
1722 4150 1932 4212 hervei-3
1970 4150 2255 4201 Reuehlins
2294 4154 2463 4204 oratio

171 4231 284 4280 1498
319 4233 387 4283 ist
421 4236 508 4286 bei
546 4235 654 4285 ihm
691 4236 1012 4286 erseliieuen.
1071 4237 1122 4286 S.
1163 4254 1209 4286 o.
1249 4253 1360 4286 nr0.
1400 4237 1565 4288 LXIV
1606 4253 1651 4287 a.
1696 4243 1739 4288 1.
1874 4241 1904 4288 3
1952 4238 2373 4304 Etymologicum
2412 4243 2463 4292 4.

167 4317 476 4389 Stephanum]
521 4323 762 4374 erachiam
819 4326 947 4374 1502
989 4325 1045 4374 in
1081 4325 1190 4375 drei
1236 4324 1487 4377 biiehern.
1562 4325 1778 4376 Schiiek.
1811 4341 1853 4376 s·
1894 4327 1979 4377 36.
2052 4326 2189 4377 Julii
2226 4327 2465 4378 Pollucis

169 4407 538 4460 vocabularium
565 4410 672 4460 und
698 4411 1038 4476 Thucydides
1071 4412 1378 4463 ersehienen
1409 4415 1466 4478 je
1505 4429 1569 4463 zu
1606 4413 1777 4464 einem
1812 4413 2039 4464 dukaten
2069 4414 2279 4468 Schaek
2304 4431 2346 4468 ε.
2379 4420 2463 4476 8⁴.

172 4493 198 4538 ⁴
233 4494 328 4545 Der
363 4499 546 4550 Suidas
583 4499 820 4551 ersehien
861 4507 964 4554 eret
1007 4503 1156 4566 1500,
1192 4499 1400 4552 Sehfick
1441 4518 1483 4554 s.
1522 4504 1605 4554 50.
