2950 5042
1294 395 1426 466 283

202 583 511 670 flagrantis
556 587 933 656 insecutum.
1025 590 1255 678 Itaque
1302 587 1482 656 nulla
1513 593 1696 672 aetas,
1741 587 1922 656 nulla
1965 587 2114 655 vito
2158 607 2312 674 pars
2358 583 2522 658 mihi

202 691 417 775 agitur,
496 716 629 780 qua
708 717 833 762 non
902 695 1153 781 aliquid
1236 695 1468 762 moliar
1539 695 1773 776 animo,
1843 692 2021 780 quod
2088 693 2176 761 ad
2231 699 2518 762 exterum

202 797 517 882 sapientise
621 800 1053 886 cognitionem
1128 806 1329 886 atque
1408 802 1576 870 adeo
1657 801 1745 868 ad
1825 799 2196 888 prodendas
2273 800 2518 870 nostris

199 903 541 972 hominibus
586 907 871 989 gentium
918 907 1169 993 linguas
1216 909 1514 988 attineat,
1561 929 1688 974 non
1748 907 1942 974 nimis
1985 906 2126 972 alta
2183 905 2514 992 sapiendo,

198 1009 297 1075 sed
338 1009 687 1079 humilibus
718 1015 1195 1082 consentiendo.
1272 1014 1609 1094 Quondam
1657 1033 1888 1100 nempe
1933 1011 2316 1082 adulescens
2377 1021 2517 1097 ego,

198 1115 329 1180 dum
384 1136 687 1202 asperam
743 1125 812 1185 et
864 1120 1093 1188 rudem
1155 1120 1355 1188 seculi
1416 1120 1772 1206 superioris
1819 1117 2291 1206 philosophiam
2337 1117 2515 1204 apud

196 1221 501 1290 Rauracos
526 1225 549 1264 ¹
580 1225 890 1308 meditor,
940 1229 1163 1294 statim
1208 1225 1293 1294 ad
1338 1228 1588 1294 cultum
1636 1232 1702 1294 et
1747 1224 2066 1311 aequabile
2111 1245 2313 1310 genus
2357 1244 2501 1292 orer

195 1327 365 1394 tionis
406 1329 657 1412 latinae,
718 1332 851 1398 sive
898 1333 1181 1400 solutam
1224 1333 1457 1414 velles,
1524 1333 1657 1401 sive
1703 1330 1892 1400 nodis
1938 1330 2248 1410 vinctam,
2293 1329 2506 1418 adjeci

194 1432 467 1502 animum.
560 1437 867 1524 Interque
932 1440 1175 1523 primos
1222 1439 1624 1524 professores
1667 1443 1746 1506 ut
1791 1443 1967 1506 esset
2007 1436 2252 1524 aliquis
2297 1437 2502 1506 etiam

192 1561 325 1606 usus
352 1544 478 1609 mei
508 1544 578 1609 in
610 1545 1033 1613 restituendis
1062 1546 1293 1626 literis,
1339 1551 1528 1612 extra
1557 1543 1848 1610 ordinem
1880 1542 2226 1628 utriusque
2257 1543 2512 1627 generis

192 1646 475 1716 authores
538 1649 798 1736 publice
846 1651 1057 1718 docui.
1150 1654 1361 1737 Atque
1416 1651 1485 1717 id
1547 1651 1824 1736 primum
1871 1647 2124 1728 studio,
2187 1648 2391 1732 magis
2435 1653 2516 1716 ut

192 1755 571 1835 grammatici
625 1777 823 1842 quam
870 1757 1199 1842 elegantes
1252 1757 1664 1836 haberemur,
1715 1754 1877 1840 quid
1921 1754 2094 1820 enim
2137 1753 2509 1840 requireres

194 1859 443 1944 amplius
504 1862 593 1928 ab
658 1862 1027 1930 hominibus
1091 1865 1205 1950 qui
1260 1885 1465 1930 annos
1511 1863 1650 1948 jam
1715 1881 1916 1947 supra
1959 1864 2287 1928 tercentos
2331 1860 2515 1930 aliud

190 1964 326 2030 nihil
366 1967 826 2050 moliebantur,
876 1991 1073 2055 quam
1126 1977 1199 2037 ut
1251 1969 1520 2037 barbari
1551 1974 1786 2048 essent,
1818 1967 1990 2034 unde
2019 1984 2168 2034 cum
2199 1965 2508 2054 loquendi

192 2069 341 2152 vitio,
384 2095 574 2142 amor
620 2076 823 2141 etiam
856 2083 925 2142 et
957 2075 1257 2160 voluptas
1304 2073 1708 2142 balbutiendi
1753 2071 2103 2142 insederat.
2151 2071 2279 2140 Sed
2324 2093 2506 2158 pros·

190 2195 321 2257 pere
374 2180 591 2248 cessit.
701 2181 951 2265 Magnae
996 2183 1094 2248 rei
1141 2203 1268 2248 non
1330 2181 1577 2248 frustra
1635 2201 1896 2246 manum
1941 2179 2240 2246 admoliti
2285 2200 2510 2248 sumus

190 2285 424 2350 tametsi
530 2290 799 2352 strenue
906 2286 1401 2372 refragarentur
1491 2286 1676 2352 initio
1759 2286 1951 2353 istius
2043 2285 2294 2369 generis
2375 2304 2510 2352 ma-

187 2385 345 2467 gistri
388 2413 557 2476 quos
598 2391 788 2458 hodie
832 2393 1081 2460 scilicet
1122 2393 1342 2460 hostes
1378 2395 1685 2478 patimur,
1727 2391 1966 2478 quibus
2013 2389 2506 2477 corruptissimo

180 2489 395 2572 judicio
442 2506 511 2564 et
561 2498 931 2565 admirabili
956 2502 1239 2591 φιλαυτία
1266 2499 1667 2566 tumentibus
1697 2495 1856 2566 nihil
1901 2503 2140 2582 praeter
2183 2496 2357 2562 feces
2389 2515 2510 2564 sua

184 2605 336 2666 recte
363 2604 703 2686 probatur.
766 2606 905 2671 Iam
926 2627 1047 2672 usu
1067 2627 1171 2672 res
1192 2606 1738 2690 explendescebat
1781 2603 2132 2689 fiebatque,
2171 2607 2249 2668 ut
2283 2600 2512 2688 purius

186 2708 240 2768 et
277 2707 590 2776 scriberet
634 2717 703 2776 et
746 2711 994 2778 diceret
1029 2713 1333 2796 juventus
1380 2711 1781 2796 germanica,
1825 2709 2022 2794 idque
2069 2729 2172 2774 me
2225 2707 2510 2790 auspice.

338 2815 589 2881 Deinde
634 2819 911 2884 accessit
956 2839 1311 2903 graecarum
1344 2820 1683 2886 literarum
1729 2816 2037 2895 studium,
2084 2814 2220 2880 sine
2267 2813 2508 2900 quibus

189 2933 349 2985 nemo
420 2928 529 2988 sat
601 2922 846 3006 politus
918 2926 1169 2990 censeri
1236 2931 1473 3010 potest.
1588 2923 1782 2990 Hisce
1850 2921 1936 2988 ad
2015 2917 2492 3005 philosophiam

188 3026 631 3094 revocabamur
661 3029 1134 3096 aristotelicam
1152 3081 1167 3111 ,
1230 3051 1373 3116 quae
1418 3051 1548 3095 non
1603 3028 1726 3094 nisi
1771 3049 1812 3094 a
1857 3027 2080 3113 graecis
2126 3023 2496 3092 hominibus

188 3131 417 3215 proprie
480 3155 561 3200 ac
622 3135 749 3202 rite
820 3136 993 3202 tradi
1063 3136 1246 3202 solet.
1352 3137 1497 3202 Huc
1551 3133 1966 3219 aspirabant,
2027 3133 2083 3200 si
2147 3132 2261 3218 qui
2320 3129 2508 3197 bonis

186 3230 425 3318 ingeniis
472 3261 602 3306 non
634 3248 945 3325 corrupta
974 3242 1105 3307 ista
1150 3249 1218 3308 et
1246 3241 1638 3326 perturbata
1666 3238 2014 3324 disciplina
2041 3237 2266 3305 infecti
2297 3241 2505 3304 erant.

188 3335 408 3410 Sensim
496 3346 783 3430 pueriles
862 3346 1232 3413 scholarum
1312 3369 1498 3432 nugae
1567 3347 2054 3428 deserebantur.
2172 3344 2276 3411 Ibi
2348 3329 2502 3412 vero

187 3450 507 3529 supercilia
555 3452 855 3520 tollentes
900 3453 1226 3519 veternosi
1270 3454 1594 3538 sophistae,
1641 3452 1875 3518 mirum
1921 3457 1996 3516 ut
2039 3448 2318 3530 ridiculi,
2364 3450 2494 3536 aje-

188 3543 351 3636 bant,
417 3558 759 3624 literarum
829 3581 1029 3644 genus
1084 3581 1125 3625 a
1180 3558 1367 3625 nobis
1433 3558 1708 3626 tractari
1777 3555 2058 3624 alienum
2123 3577 2164 3622 a
2217 3566 2488 3622 romana

188 3655 431 3744 pietate,
482 3663 741 3730 Graecos
787 3664 1234 3731 schismaticos
1266 3687 1426 3746 esse,
1455 3665 1840 3734 interdictas
1873 3685 2097 3730 eorum
2131 3661 2508 3747 disciplinas

188 3770 389 3832 contra
432 3769 720 3835 ecclesiae
786 3771 1051 3837 decreta
1098 3771 1283 3837 nobis
1346 3770 1671 3855 magistris
1715 3769 1926 3854 prodi.
2021 3768 2226 3834 Viden
2275 3767 2505 3853 quanti

189 3869 333 3936 ratio
390 3875 547 3940 mihi
604 3877 959 3960 primorum
1015 3877 1378 3944 studiorum
1442 3876 1840 3955 constiterit,
1901 3897 2019 3960 per
2081 3895 2226 3960 quae
2285 3893 2508 3940 rerum

191 3968 557 4062 discrimina,
624 3982 780 4067 quid
838 4003 1067 4073 passus
1122 4005 1163 4048 a
1221 3983 1529 4067 sophistis
1589 3980 1912 4048 effecerim
1963 3988 2034 4047 ut
2090 3980 2506 4066 resipisceret

192 4073 512 4152 Germania
554 4089 655 4154 vel
701 4089 996 4156 taudem:
1046 4089 1202 4154 Sero
1253 4091 1421 4154 enim
1468 4088 1754 4173 Phryges
1800 4088 2062 4172 sapiunt
2081 4087 2124 4152 ².

344 4189 490 4260 Haec
540 4201 691 4260 sunt
735 4195 957 4279 primae
997 4197 1279 4280 juventae
1327 4195 1598 4275 merita,
1655 4215 1848 4280 quam
1892 4191 2200 4278 intelligis
2250 4213 2506 4262 omnem

318 4371 338 4416 l
376 4371 431 4422 In
468 4371 625 4424 Basel
671 4375 800 4424 1477
844 4373 897 4423 fi.
1044 4376 1071 4422 2
1112 4373 1238 4424 Sero
1276 4313 1435 4442 eii-im]
1471 4373 1812 4441 proverbium
1853 4380 1932 4422 est
1956 4377 2136 4422 natum
2178 4389 2208 4424 a
2241 4372 2503 4439 Trojanis,

192 4450 262 4509 ‘1¹¹5
296 4453 481 4512 decimo
532 4461 755 4526 denique
808 4477 946 4512 anno
994 4461 1133 4512 velle
1184 4471 1451 4541 coeperant
1493 4462 1750 4525 Helenam
1803 4476 2016 4540 quasque
2073 4476 2191 4523 cum
2242 4476 2305 4524 ea
2353 4469 2503 4524 erant

198 4545 320 4608 ²⁸⁸1)ta
351 4549 559 4607 reddere
600 4550 831 4608 Achivis,
876 4551 1095 4610 Festus.
