<?xml version="1.0" encoding="UTF-8"?>
<!DOCTYPE html PUBLIC "-//W3C//DTD XHTML 1.0 Transitional//EN"
    "http://www.w3.org/TR/xhtml1/DTD/xhtml1-transitional.dtd">
<html xmlns="http://www.w3.org/1999/xhtml" xml:lang="en" lang="en">
 <head>
  <title>
</title>
<meta http-equiv="Content-Type" content="text/html;charset=utf-8" />
  <meta name='ocr-system' content='tesseract 3.04.00' />
  <meta name='ocr-capabilities' content='ocr_page ocr_carea ocr_par ocr_line ocrx_word'/>
</head>
<body>
  <div class='ocr_page' id='page_1' title='image "./johannreuchlins00geiggoog/johannreuchlins00geiggoog_0264.png"; bbox 0 0 2950 5042; ppageno 0'>
   <div class='ocr_carea' id='block_1_1' title="bbox 1568 342 1705 415">
    <p class='ocr_par' dir='ltr' id='par_1_1' title="bbox 1568 342 1705 415">
     <span class='ocr_line' id='line_1_1' title="bbox 1568 342 1705 415; baseline 0.015 -2"><span class='ocrx_word' id='word_1_1' title='bbox 1568 342 1705 415; x_wconf 79' lang='lat'><strong>254</strong></span> 
     </span>
    </p>
   </div>
   <div class='ocr_carea' id='block_1_2' title="bbox 465 530 2772 1335">
    <p class='ocr_par' dir='ltr' id='par_1_2' title="bbox 465 530 2772 1335">
     <span class='ocr_line' id='line_1_2' title="bbox 471 530 2763 614; baseline -0.002 -15"><span class='ocrx_word' id='word_1_2' title='bbox 471 530 542 599; x_wconf 89' lang='lat' dir='ltr'><strong>id</strong></span> <span class='ocrx_word' id='word_1_3' title='bbox 595 532 751 600; x_wconf 88' lang='lat' dir='ltr'><strong>mihi</strong></span> <span class='ocrx_word' id='word_1_4' title='bbox 795 538 976 600; x_wconf 85' lang='lat' dir='ltr'><strong>certo</strong></span> <span class='ocrx_word' id='word_1_5' title='bbox 1021 530 1350 600; x_wconf 76' lang='lat' dir='ltr'><strong>reddetur.</strong></span> <span class='ocrx_word' id='word_1_6' title='bbox 1439 532 1617 599; x_wconf 86' lang='lat' dir='ltr'><strong>Bene</strong></span> <span class='ocrx_word' id='word_1_7' title='bbox 1662 532 1841 614; x_wconf 83' lang='lat' dir='ltr'><strong>vale,</strong></span> <span class='ocrx_word' id='word_1_8' title='bbox 1888 534 2251 601; x_wconf 73' lang='lat' dir='ltr'>Germaniae</span> <span class='ocrx_word' id='word_1_9' title='bbox 2295 538 2523 599; x_wconf 81' lang='lat' dir='ltr'><strong>nostrae</strong></span> <span class='ocrx_word' id='word_1_10' title='bbox 2576 531 2763 599; x_wconf 79' lang='lat' dir='ltr'><strong>decus.</strong></span> 
     </span>
     <span class='ocr_line' id='line_1_3' title="bbox 471 636 2765 723; baseline -0.001 -20"><span class='ocrx_word' id='word_1_11' title='bbox 471 636 539 703; x_wconf 89' lang='lat' dir='ltr'><strong>Si</strong></span> <span class='ocrx_word' id='word_1_12' title='bbox 585 638 952 722; x_wconf 87' lang='lat' dir='ltr'><strong>Philippum</strong></span> <span class='ocrx_word' id='word_1_13' title='bbox 987 640 1010 679; x_wconf 83' lang='lat'><strong>¹</strong></span> <span class='ocrx_word' id='word_1_14' title='bbox 1081 638 1386 723; x_wconf 83' lang='lat' dir='ltr'><strong>juvenem</strong></span> <span class='ocrx_word' id='word_1_15' title='bbox 1449 638 1534 704; x_wconf 85' lang='lat' dir='ltr'><strong>ad</strong></span> <span class='ocrx_word' id='word_1_16' title='bbox 1581 638 1945 705; x_wconf 88' lang='lat' dir='ltr'><strong>Roffensem</strong></span> <span class='ocrx_word' id='word_1_17' title='bbox 1997 640 2251 707; x_wconf 88' lang='lat' dir='ltr'><strong>miseris</strong></span> <span class='ocrx_word' id='word_1_18' title='bbox 2310 639 2439 705; x_wconf 89' lang='lat' dir='ltr'><strong>tuis</strong></span> <span class='ocrx_word' id='word_1_19' title='bbox 2484 658 2765 705; x_wconf 89' lang='lat' dir='ltr'><strong>commen-</strong></span> 
     </span>
     <span class='ocr_line' id='line_1_4' title="bbox 469 740 2768 825; baseline -0 -18"><span class='ocrx_word' id='word_1_20' title='bbox 469 742 695 809; x_wconf 87' lang='lat' dir='ltr'><strong>datum</strong></span> <span class='ocrx_word' id='word_1_21' title='bbox 757 744 992 825; x_wconf 87' lang='lat' dir='ltr'><strong>literis,</strong></span> <span class='ocrx_word' id='word_1_22' title='bbox 1055 742 1213 809; x_wconf 90' lang='lat' dir='ltr'><strong>mihi</strong></span> <span class='ocrx_word' id='word_1_23' title='bbox 1278 742 1499 824; x_wconf 88' lang='lat' dir='ltr'><strong>crede,</strong></span> <span class='ocrx_word' id='word_1_24' title='bbox 1576 745 1971 811; x_wconf 78' lang='lat' dir='ltr'><strong>tractabitur</strong></span> <span class='ocrx_word' id='word_1_25' title='bbox 2040 744 2495 811; x_wconf 87' lang='lat' dir='ltr'><strong>humanissime</strong></span> <span class='ocrx_word' id='word_1_26' title='bbox 2514 792 2531 823; x_wconf 91' lang='lat'>‚</span> <span class='ocrx_word' id='word_1_27' title='bbox 2586 749 2649 809; x_wconf 88' lang='lat' dir='ltr'><strong>et</strong></span> <span class='ocrx_word' id='word_1_28' title='bbox 2698 740 2768 807; x_wconf 84' lang='lat' dir='ltr'><strong>ad</strong></span> 
     </span>
     <span class='ocr_line' id='line_1_5' title="bbox 468 846 2768 933; baseline -0.001 -20"><span class='ocrx_word' id='word_1_29' title='bbox 468 846 934 932; x_wconf 79' lang='lat' dir='ltr'><strong>amplissimam</strong></span> <span class='ocrx_word' id='word_1_30' title='bbox 1001 848 1328 915; x_wconf 83' lang='lat' dir='ltr'><strong>fortunam</strong></span> <span class='ocrx_word' id='word_1_31' title='bbox 1394 848 1807 933; x_wconf 80' lang='lat' dir='ltr'><strong>provehetur.</strong></span> <span class='ocrx_word' id='word_1_32' title='bbox 1916 849 2053 915; x_wconf 90' lang='lat' dir='ltr'><strong>Nec</strong></span> <span class='ocrx_word' id='word_1_33' title='bbox 2127 870 2401 933; x_wconf 88' lang='lat' dir='ltr'><strong>usquam</strong></span> <span class='ocrx_word' id='word_1_34' title='bbox 2476 847 2768 929; x_wconf 83' lang='lat' dir='ltr'><strong>continget</strong></span> 
     </span>
     <span class='ocr_line' id='line_1_6' title="bbox 465 953 2771 1039; baseline -0.001 -21"><span class='ocrx_word' id='word_1_35' title='bbox 465 953 615 1037; x_wconf 83' lang='lat' dir='ltr'><strong>plus</strong></span> <span class='ocrx_word' id='word_1_36' title='bbox 660 954 786 1020; x_wconf 91' lang='lat' dir='ltr'><strong>ocii</strong></span> <span class='ocrx_word' id='word_1_37' title='bbox 831 954 916 1019; x_wconf 87' lang='lat' dir='ltr'><strong>ad</strong></span> <span class='ocrx_word' id='word_1_38' title='bbox 961 954 1240 1039; x_wconf 85' lang='lat' dir='ltr'><strong>optimas</strong></span> <span class='ocrx_word' id='word_1_39' title='bbox 1283 953 1531 1019; x_wconf 86' lang='lat' dir='ltr'><strong>literas.</strong></span> <span class='ocrx_word' id='word_1_40' title='bbox 1623 954 1947 1020; x_wconf 81' lang='lat' dir='ltr'><strong>Fortassis</strong></span> <span class='ocrx_word' id='word_1_41' title='bbox 2004 954 2115 1021; x_wconf 88' lang='lat' dir='ltr'><strong>ille</strong></span> <span class='ocrx_word' id='word_1_42' title='bbox 2162 954 2303 1021; x_wconf 88' lang='lat' dir='ltr'><strong>sitit</strong></span> <span class='ocrx_word' id='word_1_43' title='bbox 2348 954 2619 1019; x_wconf 84' lang='lat' dir='ltr'><strong>Italiam.</strong></span> <span class='ocrx_word' id='word_1_44' title='bbox 2701 953 2771 1016; x_wconf 85' lang='lat' dir='ltr'><strong>At</strong></span> 
     </span>
     <span class='ocr_line' id='line_1_7' title="bbox 467 1056 2771 1144; baseline -0.001 -21"><span class='ocrx_word' id='word_1_45' title='bbox 467 1057 568 1123; x_wconf 87' lang='lat' dir='ltr'><strong>his</strong></span> <span class='ocrx_word' id='word_1_46' title='bbox 599 1058 1001 1144; x_wconf 76' lang='lat' dir='ltr'><strong>temporibus</strong></span> <span class='ocrx_word' id='word_1_47' title='bbox 1033 1057 1292 1125; x_wconf 86' lang='lat' dir='ltr'><strong>Italiam</strong></span> <span class='ocrx_word' id='word_1_48' title='bbox 1323 1058 1525 1125; x_wconf 89' lang='lat' dir='ltr'><strong>habet</strong></span> <span class='ocrx_word' id='word_1_49' title='bbox 1556 1059 1788 1143; x_wconf 86' lang='lat' dir='ltr'><strong>Anglia</strong></span> <span class='ocrx_word' id='word_1_50' title='bbox 1820 1065 1889 1125; x_wconf 90' lang='lat' dir='ltr'><strong>et</strong></span> <span class='ocrx_word' id='word_1_51' title='bbox 1918 1060 1984 1123; x_wconf 90' lang='lat' dir='ltr'><strong>ni</strong></span> <span class='ocrx_word' id='word_1_52' title='bbox 2016 1059 2206 1144; x_wconf 89' lang='lat' dir='ltr'><strong>plane</strong></span> <span class='ocrx_word' id='word_1_53' title='bbox 2238 1059 2447 1139; x_wconf 89' lang='lat' dir='ltr'><strong>fallor,</strong></span> <span class='ocrx_word' id='word_1_54' title='bbox 2494 1056 2771 1143; x_wconf 80' lang='lat' dir='ltr'><strong>quiddam</strong></span> 
     </span>
     <span class='ocr_line' id='line_1_8' title="bbox 465 1162 2772 1249; baseline -0.002 -20"><span class='ocrx_word' id='word_1_55' title='bbox 465 1163 660 1229; x_wconf 85' lang='lat' dir='ltr'><strong>Italia</strong></span> <span class='ocrx_word' id='word_1_56' title='bbox 687 1164 1120 1248; x_wconf 75' lang='lat' dir='ltr'><strong>praestantius.</strong></span> <span class='ocrx_word' id='word_1_57' title='bbox 1182 1165 1462 1231; x_wconf 85' lang='lat' dir='ltr'><strong>Rursum</strong></span> <span class='ocrx_word' id='word_1_58' title='bbox 1494 1165 1653 1230; x_wconf 86' lang='lat' dir='ltr'><strong>vale.</strong></span> <span class='ocrx_word' id='word_1_59' title='bbox 1736 1164 1980 1233; x_wconf 83' lang='lat' dir='ltr'><strong>Calecii</strong></span> <span class='ocrx_word' id='word_1_60' title='bbox 2010 1163 2114 1230; x_wconf 91' lang='lat' dir='ltr'><strong>VI.</strong></span> <span class='ocrx_word' id='word_1_61' title='bbox 2147 1164 2337 1231; x_wconf 68' lang='grc' dir='ltr'><strong>ΚΑΒ.</strong></span> <span class='ocrx_word' id='word_1_62' title='bbox 2370 1162 2772 1249; x_wconf 84' lang='lat' dir='ltr'><strong>Septembres.</strong></span> 
     </span>
     <span class='ocr_line' id='line_1_9' title="bbox 641 1269 1783 1335; baseline -0.001 -2"><span class='ocrx_word' id='word_1_63' title='bbox 641 1271 960 1333; x_wconf 84' lang='lat' dir='ltr'><strong>Gedruckt:</strong></span> <span class='ocrx_word' id='word_1_64' title='bbox 995 1292 1080 1326; x_wconf 92' lang='lat'><strong><em>=</em></strong></span> <span class='ocrx_word' id='word_1_65' title='bbox 1110 1272 1166 1333; x_wconf 86' lang='lat' dir='ltr'><strong>J.</strong></span> <span class='ocrx_word' id='word_1_66' title='bbox 1200 1290 1256 1334; x_wconf 79' lang='lat' dir='ltr'><strong>v.</strong></span> <span class='ocrx_word' id='word_1_67' title='bbox 1291 1289 1342 1335; x_wconf 85' lang='lat' dir='ltr'><strong>e.</strong></span> <span class='ocrx_word' id='word_1_68' title='bbox 1376 1290 1408 1333; x_wconf 88' lang='lat' dir='ltr'><strong>s</strong></span> <span class='ocrx_word' id='word_1_69' title='bbox 1434 1269 1554 1333; x_wconf 87' lang='lat' dir='ltr'><strong>iiiib</strong></span> <span class='ocrx_word' id='word_1_70' title='bbox 1588 1273 1677 1335; x_wconf 88' lang='lat' dir='ltr'><strong>bis</strong></span> <span class='ocrx_word' id='word_1_71' title='bbox 1708 1279 1783 1335; x_wconf 79' lang='lat' dir='ltr'><strong>t·.</strong></span> 
     </span>
    </p>
   </div>
   <div class='ocr_carea' id='block_1_3' title="bbox 606 1527 2713 1683">
    <p class='ocr_par' dir='ltr' id='par_1_3' title="bbox 606 1527 2713 1683">
     <span class='ocr_line' id='line_1_10' title="bbox 1471 1527 1780 1595; baseline -0.003 -1"><span class='ocrx_word' id='word_1_72' title='bbox 1471 1527 1780 1595; x_wconf 85' lang='lat' dir='ltr'><strong>CCXXII.</strong></span> 
     </span>
     <span class='ocr_line' id='line_1_11' title="bbox 606 1614 2713 1683; baseline -0.001 -16"><span class='ocrx_word' id='word_1_73' title='bbox 606 1614 847 1681; x_wconf 58' lang='lat' dir='ltr'><strong>(Maium.)</strong></span> <span class='ocrx_word' id='word_1_74' title='bbox 2221 1620 2286 1668; x_wconf 69' lang='grc' dir='ltr'><strong>ει</strong></span> <span class='ocrx_word' id='word_1_75' title='bbox 2328 1618 2472 1683; x_wconf 76' lang='lat' dir='ltr'><strong>Aug.</strong></span> <span class='ocrx_word' id='word_1_76' title='bbox 2514 1615 2713 1681; x_wconf 64' lang='grc' dir='ltr'><strong>(ιω).</strong></span> 
     </span>
    </p>
   </div>
   <div class='ocr_carea' id='block_1_4' title="bbox 459 1665 2773 1904">
    <p class='ocr_par' dir='ltr' id='par_1_4' title="bbox 459 1665 2773 1904">
     <span class='ocr_line' id='line_1_12' title="bbox 459 1665 2773 1802; baseline -0.001 -23"><span class='ocrx_word' id='word_1_77' title='bbox 459 1702 877 1780; x_wconf 85' lang='lat' dir='ltr'><strong>Henrichus</strong></span> <span class='ocrx_word' id='word_1_78' title='bbox 917 1702 1242 1781; x_wconf 84' lang='lat' dir='ltr'><strong>Stromer</strong></span> <span class='ocrx_word' id='word_1_79' title='bbox 1274 1665 1791 1780; x_wconf 84' lang='lat' dir='ltr'><strong>Aurbacchius</strong></span> <span class='ocrx_word' id='word_1_80' title='bbox 1822 1702 1872 1802; x_wconf 83' lang='lat'><strong>²,</strong></span> <span class='ocrx_word' id='word_1_81' title='bbox 1913 1703 2302 1781; x_wconf 86' lang='lat' dir='ltr'><strong>medicinae</strong></span> <span class='ocrx_word' id='word_1_82' title='bbox 2342 1704 2625 1800; x_wconf 82' lang='lat' dir='ltr'><strong>doctor,</strong></span> <span class='ocrx_word' id='word_1_83' title='bbox 2662 1702 2773 1777; x_wconf 79' lang='lat' dir='ltr'><strong>Jo-</strong></span> 
     </span>
     <span class='ocr_line' id='line_1_13' title="bbox 643 1826 2611 1904; baseline -0.001 -1"><span class='ocrx_word' id='word_1_84' title='bbox 643 1826 878 1903; x_wconf 90' lang='lat' dir='ltr'><strong>hanni</strong></span> <span class='ocrx_word' id='word_1_85' title='bbox 913 1826 1280 1902; x_wconf 90' lang='lat' dir='ltr'><strong>Reuchlin</strong></span> <span class='ocrx_word' id='word_1_86' title='bbox 1315 1828 1719 1903; x_wconf 87' lang='lat' dir='ltr'><strong>Phorcensi</strong></span> <span class='ocrx_word' id='word_1_87' title='bbox 1754 1828 1907 1903; x_wconf 90' lang='lat' dir='ltr'><strong>LL.</strong></span> <span class='ocrx_word' id='word_1_88' title='bbox 1952 1827 2236 1903; x_wconf 89' lang='lat' dir='ltr'><strong>doctori</strong></span> <span class='ocrx_word' id='word_1_89' title='bbox 2274 1827 2347 1904; x_wconf 79' lang='lat' dir='ltr'><strong>S.</strong></span> <span class='ocrx_word' id='word_1_90' title='bbox 2390 1828 2485 1901; x_wconf 92' lang='lat' dir='ltr'><strong>D.</strong></span> <span class='ocrx_word' id='word_1_91' title='bbox 2527 1827 2611 1901; x_wconf 87' lang='lat' dir='ltr'><strong>P.</strong></span> 
     </span>
    </p>
   </div>
   <div class='ocr_carea' id='block_1_5' title="bbox 443 1970 2780 3849">
    <p class='ocr_par' dir='ltr' id='par_1_5' title="bbox 443 1970 2780 3849">
     <span class='ocr_line' id='line_1_14' title="bbox 633 1970 2775 2060; baseline -0.003 -21"><span class='ocrx_word' id='word_1_92' title='bbox 633 1974 732 2039; x_wconf 85' lang='lat' dir='ltr'><strong>Ne</strong></span> <span class='ocrx_word' id='word_1_93' title='bbox 782 1973 1053 2053; x_wconf 87' lang='lat' dir='ltr'><strong>mireris,</strong></span> <span class='ocrx_word' id='word_1_94' title='bbox 1101 1974 1198 2039; x_wconf 85' lang='lat' dir='ltr'><strong>vir</strong></span> <span class='ocrx_word' id='word_1_95' title='bbox 1229 1974 1599 2059; x_wconf 82' lang='lat' dir='ltr'><strong>eloquentia</strong></span> <span class='ocrx_word' id='word_1_96' title='bbox 1630 1982 1829 2060; x_wconf 88' lang='lat' dir='ltr'><strong>atque</strong></span> <span class='ocrx_word' id='word_1_97' title='bbox 1866 1975 2035 2059; x_wconf 90' lang='lat' dir='ltr'><strong>juris</strong></span> <span class='ocrx_word' id='word_1_98' title='bbox 2073 1974 2423 2060; x_wconf 85' lang='lat' dir='ltr'><strong>prudentia</strong></span> <span class='ocrx_word' id='word_1_99' title='bbox 2457 1970 2775 2041; x_wconf 89' lang='lat' dir='ltr'><strong>absolutis-</strong></span> 
     </span>
     <span class='ocr_line' id='line_1_15' title="bbox 461 2075 2774 2167; baseline -0.004 -18"><span class='ocrx_word' id='word_1_100' title='bbox 461 2078 654 2160; x_wconf 75' lang='lat' dir='ltr'><strong>sime,</strong></span> <span class='ocrx_word' id='word_1_101' title='bbox 724 2079 897 2163; x_wconf 92' lang='lat' dir='ltr'><strong>quod</strong></span> <span class='ocrx_word' id='word_1_102' title='bbox 962 2100 1078 2163; x_wconf 85' lang='lat' dir='ltr'><strong>ego</strong></span> <span class='ocrx_word' id='word_1_103' title='bbox 1145 2080 1265 2145; x_wconf 90' lang='lat' dir='ltr'><strong>tibi</strong></span> <span class='ocrx_word' id='word_1_104' title='bbox 1311 2081 1683 2167; x_wconf 80' lang='lat' dir='ltr'><strong>&#39;incognitus</strong></span> <span class='ocrx_word' id='word_1_105' title='bbox 1737 2080 1998 2145; x_wconf 90' lang='lat' dir='ltr'><strong>incultis</strong></span> <span class='ocrx_word' id='word_1_106' title='bbox 2066 2080 2280 2146; x_wconf 84' lang='lat' dir='ltr'><strong>verbis</strong></span> <span class='ocrx_word' id='word_1_107' title='bbox 2333 2080 2619 2145; x_wconf 85' lang='lat' dir='ltr'><strong>audeam</strong></span> <span class='ocrx_word' id='word_1_108' title='bbox 2664 2075 2774 2142; x_wconf 87' lang='lat' dir='ltr'><strong>tuis</strong></span> 
     </span>
     <span class='ocr_line' id='line_1_16' title="bbox 454 2179 2773 2269; baseline -0.003 -18"><span class='ocrx_word' id='word_1_109' title='bbox 454 2183 829 2251; x_wconf 87' lang='lat' dir='ltr'><strong>tersissimis</strong></span> <span class='ocrx_word' id='word_1_110' title='bbox 853 2184 1122 2251; x_wconf 84' lang='lat' dir='ltr'><strong>auribus</strong></span> <span class='ocrx_word' id='word_1_111' title='bbox 1153 2186 1532 2269; x_wconf 86' lang='lat' dir='ltr'><strong>obstrepere</strong></span> <span class='ocrx_word' id='word_1_112' title='bbox 1556 2186 1603 2252; x_wconf 78' lang='lat'><strong>³.</strong></span> <span class='ocrx_word' id='word_1_113' title='bbox 1650 2185 1727 2251; x_wconf 90' lang='lat' dir='ltr'><strong>Id</strong></span> <span class='ocrx_word' id='word_1_114' title='bbox 1774 2186 1939 2251; x_wconf 87' lang='lat' dir='ltr'><strong>enim</strong></span> <span class='ocrx_word' id='word_1_115' title='bbox 1975 2184 2204 2264; x_wconf 88' lang='lat' dir='ltr'><strong>evenit,</strong></span> <span class='ocrx_word' id='word_1_116' title='bbox 2249 2206 2376 2249; x_wconf 91' lang='lat' dir='ltr'><strong>non</strong></span> <span class='ocrx_word' id='word_1_117' title='bbox 2408 2206 2499 2250; x_wconf 87' lang='lat' dir='ltr'><strong>ex</strong></span> <span class='ocrx_word' id='word_1_118' title='bbox 2545 2179 2773 2249; x_wconf 89' lang='lat' dir='ltr'><strong>temeri-</strong></span> 
     </span>
     <span class='ocr_line' id='line_1_17' title="bbox 453 2287 2774 2376; baseline -0.003 -21"><span class='ocrx_word' id='word_1_119' title='bbox 453 2294 613 2369; x_wconf 85' lang='lat' dir='ltr'><strong>tate,</strong></span> <span class='ocrx_word' id='word_1_120' title='bbox 659 2289 774 2355; x_wconf 92' lang='lat' dir='ltr'><strong>sed</strong></span> <span class='ocrx_word' id='word_1_121' title='bbox 818 2289 1184 2356; x_wconf 84' lang='lat' dir='ltr'><strong>incredibili</strong></span> <span class='ocrx_word' id='word_1_122' title='bbox 1226 2297 1293 2357; x_wconf 87' lang='lat' dir='ltr'><strong>et</strong></span> <span class='ocrx_word' id='word_1_123' title='bbox 1330 2290 1632 2376; x_wconf 86' lang='lat' dir='ltr'><strong>flagranti</strong></span> <span class='ocrx_word' id='word_1_124' title='bbox 1678 2297 1900 2357; x_wconf 88' lang='lat' dir='ltr'><strong>nostro</strong></span> <span class='ocrx_word' id='word_1_125' title='bbox 1943 2292 2097 2375; x_wconf 78' lang='lat' dir='ltr'><strong>erga</strong></span> <span class='ocrx_word' id='word_1_126' title='bbox 2130 2290 2475 2357; x_wconf 86' lang='lat' dir='ltr'><strong>universos</strong></span> <span class='ocrx_word' id='word_1_127' title='bbox 2509 2287 2774 2355; x_wconf 86' lang='lat' dir='ltr'><strong>eruditos</strong></span> 
     </span>
     <span class='ocr_line' id='line_1_18' title="bbox 453 2392 2773 2481; baseline -0.003 -20"><span class='ocrx_word' id='word_1_128' title='bbox 453 2392 749 2461; x_wconf 87' lang='lat' dir='ltr'><strong>homines</strong></span> <span class='ocrx_word' id='word_1_129' title='bbox 811 2415 1050 2461; x_wconf 87' lang='lat' dir='ltr'><strong>amore.</strong></span> <span class='ocrx_word' id='word_1_130' title='bbox 1142 2397 1231 2461; x_wconf 90' lang='lat' dir='ltr'><strong>Es</strong></span> <span class='ocrx_word' id='word_1_131' title='bbox 1297 2397 1466 2463; x_wconf 89' lang='lat' dir='ltr'><strong>enim</strong></span> <span class='ocrx_word' id='word_1_132' title='bbox 1532 2396 1723 2463; x_wconf 89' lang='lat' dir='ltr'><strong>homo</strong></span> <span class='ocrx_word' id='word_1_133' title='bbox 1788 2418 2056 2481; x_wconf 83' lang='lat' dir='ltr'><strong>syncero</strong></span> <span class='ocrx_word' id='word_1_134' title='bbox 2126 2416 2348 2462; x_wconf 87' lang='lat' dir='ltr'><strong>amore</strong></span> <span class='ocrx_word' id='word_1_135' title='bbox 2414 2401 2492 2461; x_wconf 88' lang='lat' dir='ltr'><strong>et</strong></span> <span class='ocrx_word' id='word_1_136' title='bbox 2548 2410 2773 2461; x_wconf 84' lang='lat' dir='ltr'><strong>summa</strong></span> 
     </span>
     <span class='ocr_line' id='line_1_19' title="bbox 453 2498 2773 2586; baseline -0.002 -22"><span class='ocrx_word' id='word_1_137' title='bbox 453 2500 868 2577; x_wconf 85' lang='lat' dir='ltr'><strong>veneratione</strong></span> <span class='ocrx_word' id='word_1_138' title='bbox 917 2501 1347 2586; x_wconf 73' lang='lat' dir='ltr'><strong>dignissimae,</strong></span> <span class='ocrx_word' id='word_1_139' title='bbox 1394 2500 1505 2585; x_wconf 91' lang='lat' dir='ltr'><strong>qui</strong></span> <span class='ocrx_word' id='word_1_140' title='bbox 1549 2502 1797 2586; x_wconf 87' lang='lat' dir='ltr'><strong>primus</strong></span> <span class='ocrx_word' id='word_1_141' title='bbox 1828 2501 2201 2567; x_wconf 86' lang='lat' dir='ltr'><strong>hebraicam</strong></span> <span class='ocrx_word' id='word_1_142' title='bbox 2246 2500 2540 2583; x_wconf 85' lang='lat' dir='ltr'><strong>linguam</strong></span> <span class='ocrx_word' id='word_1_143' title='bbox 2587 2498 2773 2565; x_wconf 89' lang='lat' dir='ltr'><strong>solute</strong></span> 
     </span>
     <span class='ocr_line' id='line_1_20' title="bbox 452 2600 2772 2690; baseline -0.004 -18"><span class='ocrx_word' id='word_1_144' title='bbox 452 2603 768 2672; x_wconf 87' lang='lat' dir='ltr'><strong>hactenus</strong></span> <span class='ocrx_word' id='word_1_145' title='bbox 812 2627 890 2672; x_wconf 90' lang='lat' dir='ltr'><strong>ac</strong></span> <span class='ocrx_word' id='word_1_146' title='bbox 937 2606 1180 2680; x_wconf 83' lang='lat' dir='ltr'><strong>rustice</strong></span> <span class='ocrx_word' id='word_1_147' title='bbox 1227 2607 1643 2687; x_wconf 88' lang='lat' dir='ltr'><strong>stridentem,</strong></span> <span class='ocrx_word' id='word_1_148' title='bbox 1702 2607 1903 2673; x_wconf 90' lang='lat' dir='ltr'><strong>donec</strong></span> <span class='ocrx_word' id='word_1_149' title='bbox 1950 2607 2069 2673; x_wconf 87' lang='lat' dir='ltr'><strong>abs</strong></span> <span class='ocrx_word' id='word_1_150' title='bbox 2115 2612 2179 2672; x_wconf 90' lang='lat' dir='ltr'><strong>te</strong></span> <span class='ocrx_word' id='word_1_151' title='bbox 2231 2606 2491 2690; x_wconf 86' lang='lat' dir='ltr'><strong>legibus</strong></span> <span class='ocrx_word' id='word_1_152' title='bbox 2540 2600 2772 2671; x_wconf 87' lang='lat' dir='ltr'><strong>dicendi</strong></span> 
     </span>
     <span class='ocr_line' id='line_1_21' title="bbox 453 2708 2772 2796; baseline -0.001 -21"><span class='ocrx_word' id='word_1_153' title='bbox 453 2712 902 2796; x_wconf 87' lang='lat' dir='ltr'><strong>subjiceretur,</strong></span> <span class='ocrx_word' id='word_1_154' title='bbox 951 2712 1390 2795; x_wconf 86' lang='lat' dir='ltr'><strong>grammaticis</strong></span> <span class='ocrx_word' id='word_1_155' title='bbox 1437 2712 1625 2777; x_wconf 89' lang='lat' dir='ltr'><strong>nodis</strong></span> <span class='ocrx_word' id='word_1_156' title='bbox 1670 2719 1823 2796; x_wconf 87' lang='lat' dir='ltr'><strong>apte</strong></span> <span class='ocrx_word' id='word_1_157' title='bbox 1858 2718 1925 2779; x_wconf 87' lang='lat' dir='ltr'><strong>et</strong></span> <span class='ocrx_word' id='word_1_158' title='bbox 1955 2714 2262 2780; x_wconf 88' lang='lat' dir='ltr'><strong>concinne</strong></span> <span class='ocrx_word' id='word_1_159' title='bbox 2307 2708 2772 2795; x_wconf 59' lang='lat' dir='ltr'><strong>perstrinxeris„</strong></span> 
     </span>
     <span class='ocr_line' id='line_1_22' title="bbox 450 2810 2773 2902; baseline -0.002 -21"><span class='ocrx_word' id='word_1_160' title='bbox 450 2820 587 2881; x_wconf 89' lang='lat' dir='ltr'><strong>tam</strong></span> <span class='ocrx_word' id='word_1_161' title='bbox 629 2823 860 2902; x_wconf 90' lang='lat' dir='ltr'><strong>aperto</strong></span> <span class='ocrx_word' id='word_1_162' title='bbox 913 2816 1186 2885; x_wconf 89' lang='lat' dir='ltr'><strong>artificio</strong></span> <span class='ocrx_word' id='word_1_163' title='bbox 1242 2816 1414 2902; x_wconf 89' lang='lat' dir='ltr'><strong>quod</strong></span> <span class='ocrx_word' id='word_1_164' title='bbox 1473 2817 1577 2883; x_wconf 86' lang='lat' dir='ltr'><strong>vel</strong></span> <span class='ocrx_word' id='word_1_165' title='bbox 1623 2810 1947 2884; x_wconf 84' lang='lat' dir='ltr'><strong>mediocre</strong></span> <span class='ocrx_word' id='word_1_166' title='bbox 1994 2817 2248 2901; x_wconf 87' lang='lat' dir='ltr'><strong>ingenio</strong></span> <span class='ocrx_word' id='word_1_167' title='bbox 2306 2816 2631 2901; x_wconf 88' lang='lat' dir='ltr'><strong>praeditus</strong></span> <span class='ocrx_word' id='word_1_168' title='bbox 2674 2833 2773 2881; x_wconf 88' lang='lat' dir='ltr'><strong>suo</strong></span> 
     </span>
     <span class='ocr_line' id='line_1_23' title="bbox 450 2918 2773 3007; baseline -0.002 -20"><span class='ocrx_word' id='word_1_169' title='bbox 450 2920 664 2988; x_wconf 86' lang='lat' dir='ltr'><strong>Marte</strong></span> <span class='ocrx_word' id='word_1_170' title='bbox 711 2924 840 2989; x_wconf 86' lang='lat' dir='ltr'><strong>tuis</strong></span> <span class='ocrx_word' id='word_1_171' title='bbox 875 2944 953 2987; x_wconf 87' lang='lat' dir='ltr'><strong>ex</strong></span> <span class='ocrx_word' id='word_1_172' title='bbox 984 2923 1328 3007; x_wconf 87' lang='lat' dir='ltr'><strong>praeceptis</strong></span> <span class='ocrx_word' id='word_1_173' title='bbox 1359 2922 1731 3006; x_wconf 89' lang='lat' dir='ltr'><strong>perdiscere</strong></span> <span class='ocrx_word' id='word_1_174' title='bbox 1765 2922 1996 3002; x_wconf 88' lang='lat' dir='ltr'><strong>valeat,</strong></span> <span class='ocrx_word' id='word_1_175' title='bbox 2028 2922 2304 2987; x_wconf 86' lang='lat' dir='ltr'><strong>officium</strong></span> <span class='ocrx_word' id='word_1_176' title='bbox 2323 2928 2509 2988; x_wconf 89' lang='lat' dir='ltr'><strong>certe</strong></span> <span class='ocrx_word' id='word_1_177' title='bbox 2545 2918 2773 2987; x_wconf 87' lang='lat' dir='ltr'><strong>cunctis</strong></span> 
     </span>
     <span class='ocr_line' id='line_1_24' title="bbox 449 3024 2774 3114; baseline -0.001 -23"><span class='ocrx_word' id='word_1_178' title='bbox 449 3027 854 3107; x_wconf 88' lang='lat' dir='ltr'><strong>mortalibus,</strong></span> <span class='ocrx_word' id='word_1_179' title='bbox 903 3028 1108 3094; x_wconf 86' lang='lat' dir='ltr'><strong>obviis</strong></span> <span class='ocrx_word' id='word_1_180' title='bbox 1154 3028 1324 3094; x_wconf 85' lang='lat' dir='ltr'><strong>ulnis</strong></span> <span class='ocrx_word' id='word_1_181' title='bbox 1372 3029 1841 3114; x_wconf 85' lang='lat' dir='ltr'><strong>excipiendum,</strong></span> <span class='ocrx_word' id='word_1_182' title='bbox 1890 3049 2037 3093; x_wconf 92' lang='lat' dir='ltr'><strong>cum</strong></span> <span class='ocrx_word' id='word_1_183' title='bbox 2068 3047 2321 3094; x_wconf 89' lang='lat' dir='ltr'><strong>summa</strong></span> <span class='ocrx_word' id='word_1_184' title='bbox 2366 3024 2774 3112; x_wconf 84' lang='lat' dir='ltr'><strong>gratitudinis</strong></span> 
     </span>
     <span class='ocr_line' id='line_1_25' title="bbox 449 3129 2776 3219; baseline -0.003 -22"><span class='ocrx_word' id='word_1_185' title='bbox 449 3131 783 3201; x_wconf 87' lang='lat' dir='ltr'><strong>relatione.</strong></span> <span class='ocrx_word' id='word_1_186' title='bbox 875 3133 1085 3199; x_wconf 85' lang='lat' dir='ltr'><strong>Taceo</strong></span> <span class='ocrx_word' id='word_1_187' title='bbox 1134 3154 1334 3219; x_wconf 90' lang='lat' dir='ltr'><strong>quam</strong></span> <span class='ocrx_word' id='word_1_188' title='bbox 1380 3134 1545 3200; x_wconf 90' lang='lat' dir='ltr'><strong>bene</strong></span> <span class='ocrx_word' id='word_1_189' title='bbox 1584 3135 1854 3200; x_wconf 88' lang='lat' dir='ltr'><strong>meritus</strong></span> <span class='ocrx_word' id='word_1_190' title='bbox 1902 3135 1993 3201; x_wconf 89' lang='lat' dir='ltr'><strong>sis</strong></span> <span class='ocrx_word' id='word_1_191' title='bbox 2042 3133 2121 3199; x_wconf 89' lang='lat' dir='ltr'><strong>de</strong></span> <span class='ocrx_word' id='word_1_192' title='bbox 2169 3133 2374 3199; x_wconf 87' lang='lat' dir='ltr'><strong>latina</strong></span> <span class='ocrx_word' id='word_1_193' title='bbox 2420 3140 2617 3215; x_wconf 88' lang='lat' dir='ltr'><strong>gente</strong></span> <span class='ocrx_word' id='word_1_194' title='bbox 2660 3129 2776 3195; x_wconf 87' lang='lat' dir='ltr'><strong>tuis</strong></span> 
     </span>
     <span class='ocr_line' id='line_1_26' title="bbox 447 3236 2779 3333; baseline -0.002 -30"><span class='ocrx_word' id='word_1_195' title='bbox 447 3236 830 3333; x_wconf 64' lang='lat' dir='ltr'><strong>multivariis</strong></span> <span class='ocrx_word' id='word_1_196' title='bbox 875 3238 1328 3323; x_wconf 66' lang='lat' dir='ltr'><strong>poematibus*</strong></span> <span class='ocrx_word' id='word_1_197' title='bbox 1375 3239 1724 3306; x_wconf 86' lang='lat' dir='ltr'><strong>admodum</strong></span> <span class='ocrx_word' id='word_1_198' title='bbox 1774 3246 2000 3305; x_wconf 89' lang='lat' dir='ltr'><strong>ornate</strong></span> <span class='ocrx_word' id='word_1_199' title='bbox 2052 3238 2321 3303; x_wconf 83' lang='lat' dir='ltr'><strong>excusis.</strong></span> <span class='ocrx_word' id='word_1_200' title='bbox 2414 3238 2609 3317; x_wconf 86' lang='lat' dir='ltr'><strong>Nam,</strong></span> <span class='ocrx_word' id='word_1_201' title='bbox 2641 3255 2779 3320; x_wconf 86' lang='lat' dir='ltr'><strong>quo-</strong></span> 
     </span>
     <span class='ocr_line' id='line_1_27' title="bbox 446 3338 2780 3429; baseline -0.003 -20"><span class='ocrx_word' id='word_1_202' title='bbox 446 3342 572 3409; x_wconf 87' lang='lat' dir='ltr'><strong>ties</strong></span> <span class='ocrx_word' id='word_1_203' title='bbox 637 3348 754 3408; x_wconf 88' lang='lat' dir='ltr'><strong>tua</strong></span> <span class='ocrx_word' id='word_1_204' title='bbox 807 3344 1065 3411; x_wconf 89' lang='lat' dir='ltr'><strong>intueor</strong></span> <span class='ocrx_word' id='word_1_205' title='bbox 1125 3344 1401 3429; x_wconf 88' lang='lat' dir='ltr'><strong>scripta,</strong></span> <span class='ocrx_word' id='word_1_206' title='bbox 1457 3344 1525 3410; x_wconf 88' lang='lat' dir='ltr'><strong>id</strong></span> <span class='ocrx_word' id='word_1_207' title='bbox 1574 3346 1653 3410; x_wconf 90' lang='lat' dir='ltr'><strong>de</strong></span> <span class='ocrx_word' id='word_1_208' title='bbox 1701 3350 1766 3410; x_wconf 89' lang='lat' dir='ltr'><strong>te</strong></span> <span class='ocrx_word' id='word_1_209' title='bbox 1805 3344 2027 3429; x_wconf 87' lang='lat' dir='ltr'><strong>judico</strong></span> <span class='ocrx_word' id='word_1_210' title='bbox 2086 3343 2260 3429; x_wconf 86' lang='lat' dir='ltr'><strong>quod</strong></span> <span class='ocrx_word' id='word_1_211' title='bbox 2320 3342 2517 3427; x_wconf 89' lang='lat' dir='ltr'><strong>longe</strong></span> <span class='ocrx_word' id='word_1_212' title='bbox 2582 3338 2780 3407; x_wconf 87' lang='lat' dir='ltr'><strong>erudi-</strong></span> 
     </span>
     <span class='ocr_line' id='line_1_28' title="bbox 446 3443 2775 3535; baseline -0.003 -22"><span class='ocrx_word' id='word_1_213' title='bbox 446 3446 684 3513; x_wconf 88' lang='lat' dir='ltr'><strong>tissimi</strong></span> <span class='ocrx_word' id='word_1_214' title='bbox 732 3449 848 3514; x_wconf 88' lang='lat' dir='ltr'><strong>viri</strong></span> <span class='ocrx_word' id='word_1_215' title='bbox 895 3470 1132 3515; x_wconf 86' lang='lat' dir='ltr'><strong>omnes.</strong></span> <span class='ocrx_word' id='word_1_216' title='bbox 1223 3450 1490 3535; x_wconf 87' lang='lat' dir='ltr'><strong>Ignosce</strong></span> <span class='ocrx_word' id='word_1_217' title='bbox 1537 3449 1711 3534; x_wconf 88' lang='lat' dir='ltr'><strong>quod</strong></span> <span class='ocrx_word' id='word_1_218' title='bbox 1757 3471 1859 3515; x_wconf 91' lang='lat' dir='ltr'><strong>me</strong></span> <span class='ocrx_word' id='word_1_219' title='bbox 1908 3448 2297 3514; x_wconf 88' lang='lat' dir='ltr'><strong>doctissimis</strong></span> <span class='ocrx_word' id='word_1_220' title='bbox 2346 3443 2775 3514; x_wconf 88' lang='lat' dir='ltr'><strong>annumeravi.</strong></span> 
     </span>
     <span class='ocr_line' id='line_1_29' title="bbox 448 3553 2776 3621; baseline -0.003 -2"><span class='ocrx_word' id='word_1_221' title='bbox 448 3553 718 3620; x_wconf 87' lang='lat' dir='ltr'><strong>Judicat</strong></span> <span class='ocrx_word' id='word_1_222' title='bbox 763 3561 985 3620; x_wconf 86' lang='lat' dir='ltr'><strong>autem</strong></span> <span class='ocrx_word' id='word_1_223' title='bbox 1033 3555 1260 3621; x_wconf 89' lang='lat' dir='ltr'><strong>doctus</strong></span> <span class='ocrx_word' id='word_1_224' title='bbox 1322 3554 1727 3621; x_wconf 88' lang='lat' dir='ltr'><strong>eruditorum</strong></span> <span class='ocrx_word' id='word_1_225' title='bbox 1786 3555 2107 3621; x_wconf 85' lang='lat' dir='ltr'><strong>exercitus</strong></span> <span class='ocrx_word' id='word_1_226' title='bbox 2152 3574 2280 3617; x_wconf 91' lang='lat' dir='ltr'><strong>non</strong></span> <span class='ocrx_word' id='word_1_227' title='bbox 2344 3554 2567 3619; x_wconf 90' lang='lat' dir='ltr'><strong>minus</strong></span> <span class='ocrx_word' id='word_1_228' title='bbox 2614 3554 2776 3617; x_wconf 87' lang='lat' dir='ltr'><strong>recte</strong></span> 
     </span>
     <span class='ocr_line' id='line_1_30' title="bbox 445 3656 2777 3743; baseline -0.001 -22"><span class='ocrx_word' id='word_1_229' title='bbox 445 3667 643 3742; x_wconf 84' lang='lat' dir='ltr'><strong>quam</strong></span> <span class='ocrx_word' id='word_1_230' title='bbox 715 3680 894 3739; x_wconf 83' lang='lat' dir='ltr'><strong>vere,</strong></span> <span class='ocrx_word' id='word_1_231' title='bbox 959 3665 1024 3726; x_wconf 89' lang='lat' dir='ltr'><strong>te</strong></span> <span class='ocrx_word' id='word_1_232' title='bbox 1092 3659 1462 3725; x_wconf 83' lang='lat' dir='ltr'><strong>universam</strong></span> <span class='ocrx_word' id='word_1_233' title='bbox 1520 3660 1935 3725; x_wconf 86' lang='lat' dir='ltr'><strong>Germaniam</strong></span> <span class='ocrx_word' id='word_1_234' title='bbox 2000 3665 2200 3743; x_wconf 89' lang='lat' dir='ltr'><strong>atque</strong></span> <span class='ocrx_word' id='word_1_235' title='bbox 2262 3658 2466 3723; x_wconf 86' lang='lat' dir='ltr'><strong>etiam</strong></span> <span class='ocrx_word' id='word_1_236' title='bbox 2533 3656 2777 3722; x_wconf 88' lang='lat' dir='ltr'><strong>Latium</strong></span> 
     </span>
     <span class='ocr_line' id='line_1_31' title="bbox 443 3760 2779 3849; baseline -0.002 -21"><span class='ocrx_word' id='word_1_237' title='bbox 443 3783 672 3849; x_wconf 72' lang='lat' dir='ltr'><strong>graece,</strong></span> <span class='ocrx_word' id='word_1_238' title='bbox 717 3763 940 3847; x_wconf 87' lang='lat' dir='ltr'><strong>latin0,</strong></span> <span class='ocrx_word' id='word_1_239' title='bbox 989 3770 1056 3831; x_wconf 87' lang='lat' dir='ltr'><strong>et</strong></span> <span class='ocrx_word' id='word_1_240' title='bbox 1085 3765 1391 3832; x_wconf 88' lang='lat' dir='ltr'><strong>hebraico</strong></span> <span class='ocrx_word' id='word_1_241' title='bbox 1425 3786 1739 3847; x_wconf 90' lang='lat' dir='ltr'><strong>sermone,</strong></span> <span class='ocrx_word' id='word_1_242' title='bbox 1785 3766 1997 3832; x_wconf 86' lang='lat' dir='ltr'><strong>tribus</strong></span> <span class='ocrx_word' id='word_1_243' title='bbox 2042 3764 2308 3830; x_wconf 88' lang='lat' dir='ltr'><strong>summis</strong></span> <span class='ocrx_word' id='word_1_244' title='bbox 2339 3763 2621 3849; x_wconf 91' lang='lat' dir='ltr'><strong>eloquiis</strong></span> <span class='ocrx_word' id='word_1_245' title='bbox 2651 3760 2779 3826; x_wconf 88' lang='lat' dir='ltr'><strong>istis</strong></span> 
     </span>
    </p>
   </div>
   <div class='ocr_carea' id='block_1_6' title="bbox 1594 3910 1629 3951">
    <p class='ocr_par' dir='ltr' id='par_1_6' title="bbox 1594 3910 1629 3951">
     <span class='ocr_line' id='line_1_32' title="bbox 1594 3910 1629 3951; baseline 0 0"><span class='ocrx_word' id='word_1_246' title='bbox 1594 3910 1629 3951; x_wconf 59' lang='grc' dir='ltr'><strong>Ἰ*</strong></span> 
     </span>
    </p>
   </div>
   <div class='ocr_carea' id='block_1_7' title="bbox 436 3986 2780 4493">
    <p class='ocr_par' dir='ltr' id='par_1_7' title="bbox 436 3986 2780 4493">
     <span class='ocr_line' id='line_1_33' title="bbox 591 3986 2780 4067; baseline -0.002 -17"><span class='ocrx_word' id='word_1_247' title='bbox 591 4005 613 4050; x_wconf 86' lang='lat'>1</span> <span class='ocrx_word' id='word_1_248' title='bbox 645 3998 968 4067; x_wconf 84' lang='lat' dir='ltr'><strong>Philippum]</strong></span> <span class='ocrx_word' id='word_1_249' title='bbox 983 3998 1483 4053; x_wconf 72' lang='lat' dir='ltr'><strong>Melanchthonem?</strong></span> <span class='ocrx_word' id='word_1_250' title='bbox 1525 3986 1672 4053; x_wconf 78' lang='lat' dir='ltr'><strong>i‘Jber</strong></span> <span class='ocrx_word' id='word_1_251' title='bbox 1696 4000 1876 4053; x_wconf 83' lang='lat' dir='ltr'><strong>diesen</strong></span> <span class='ocrx_word' id='word_1_252' title='bbox 1905 3999 2027 4067; x_wconf 79' lang='lat' dir='ltr'><strong>plan</strong></span> <span class='ocrx_word' id='word_1_253' title='bbox 2048 3998 2333 4052; x_wconf 86' lang='lat' dir='ltr'><strong>Reuchlins</strong></span> <span class='ocrx_word' id='word_1_254' title='bbox 2355 4000 2424 4051; x_wconf 82' lang='lat' dir='ltr'><strong>ist</strong></span> <span class='ocrx_word' id='word_1_255' title='bbox 2444 4006 2604 4051; x_wconf 75' lang='lat' dir='ltr'><strong>sonet</strong></span> <span class='ocrx_word' id='word_1_256' title='bbox 2621 3996 2780 4049; x_wconf 67' lang='lat' dir='ltr'><strong>nicht:</strong></span> 
     </span>
     <span class='ocr_line' id='line_1_34' title="bbox 437 4084 2775 4157; baseline -0.001 -18"><span class='ocrx_word' id='word_1_257' title='bbox 437 4084 690 4142; x_wconf 78' lang='lat' dir='ltr'><strong>bekannt.</strong></span> <span class='ocrx_word' id='word_1_258' title='bbox 839 4094 868 4139; x_wconf 84' lang='grc'><strong>2</strong></span> <span class='ocrx_word' id='word_1_259' title='bbox 907 4088 1030 4155; x_wconf 82' lang='lat' dir='ltr'><strong>Vgl.</strong></span> <span class='ocrx_word' id='word_1_260' title='bbox 1070 4087 1202 4141; x_wconf 70' lang='lat' dir='ltr'><strong>iiber</strong></span> <span class='ocrx_word' id='word_1_261' title='bbox 1238 4088 1330 4139; x_wconf 86' lang='lat' dir='ltr'><strong>ibn</strong></span> <span class='ocrx_word' id='word_1_262' title='bbox 1367 4089 1589 4153; x_wconf 82' lang='lat' dir='ltr'><strong>Erhard,</strong></span> <span class='ocrx_word' id='word_1_263' title='bbox 1624 4090 1804 4157; x_wconf 78' lang='lat' dir='ltr'><strong>gesch.</strong></span> <span class='ocrx_word' id='word_1_264' title='bbox 1846 4089 1937 4140; x_wconf 87' lang='lat' dir='ltr'><strong>des</strong></span> <span class='ocrx_word' id='word_1_265' title='bbox 1978 4088 2507 4140; x_wconf 79' lang='lat' dir='ltr'><strong>wiederaufbliihens</strong></span> <span class='ocrx_word' id='word_1_266' title='bbox 2544 4103 2600 4139; x_wconf 82' lang='lat' dir='ltr'><strong>u.</strong></span> <span class='ocrx_word' id='word_1_267' title='bbox 2638 4102 2683 4137; x_wconf 85' lang='lat' dir='ltr'><strong>s.</strong></span> <span class='ocrx_word' id='word_1_268' title='bbox 2721 4100 2775 4133; x_wconf 80' lang='lat' dir='ltr'><strong>w·</strong></span> 
     </span>
     <span class='ocr_line' id='line_1_35' title="bbox 439 4175 2778 4244; baseline -0.003 -17"><span class='ocrx_word' id='word_1_269' title='bbox 439 4175 528 4227; x_wconf 87' lang='lat' dir='ltr'><strong>bd.</strong></span> <span class='ocrx_word' id='word_1_270' title='bbox 579 4176 673 4228; x_wconf 86' lang='lat'><strong>111.</strong></span> <span class='ocrx_word' id='word_1_271' title='bbox 818 4179 850 4227; x_wconf 81' lang='lat'><strong>3</strong></span> <span class='ocrx_word' id='word_1_272' title='bbox 874 4176 988 4227; x_wconf 78' lang='lat' dir='ltr'><strong>Ein</strong></span> <span class='ocrx_word' id='word_1_273' title='bbox 1046 4178 1241 4229; x_wconf 83' lang='lat' dir='ltr'><strong>ebenso</strong></span> <span class='ocrx_word' id='word_1_274' title='bbox 1291 4177 1635 4244; x_wconf 80' lang='lat' dir='ltr'><strong>begeistertes</strong></span> <span class='ocrx_word' id='word_1_275' title='bbox 1686 4177 1775 4229; x_wconf 88' lang='lat' dir='ltr'><strong>lob</strong></span> <span class='ocrx_word' id='word_1_276' title='bbox 1818 4176 2103 4229; x_wconf 83' lang='lat' dir='ltr'><strong>Reuchlins</strong></span> <span class='ocrx_word' id='word_1_277' title='bbox 2150 4175 2385 4229; x_wconf 83' lang='lat' dir='ltr'><strong>schreibt</strong></span> <span class='ocrx_word' id='word_1_278' title='bbox 2434 4176 2675 4228; x_wconf 85' lang='lat' dir='ltr'><strong>Stromer</strong></span> <span class='ocrx_word' id='word_1_279' title='bbox 2718 4186 2778 4221; x_wconf 82' lang='lat' dir='ltr'><strong>an</strong></span> 
     </span>
     <span class='ocr_line' id='line_1_36' title="bbox 439 4259 2775 4333; baseline -0.002 -20"><span class='ocrx_word' id='word_1_280' title='bbox 439 4263 806 4315; x_wconf 83' lang='lat' dir='ltr'><strong>Birckheimer</strong></span> <span class='ocrx_word' id='word_1_281' title='bbox 856 4268 884 4313; x_wconf 82' lang='lat'>7</span> <span class='ocrx_word' id='word_1_282' title='bbox 925 4266 1057 4317; x_wconf 69' lang='lat' dir='ltr'><strong>Nor.</strong></span> <span class='ocrx_word' id='word_1_283' title='bbox 1118 4268 1280 4330; x_wconf 84' lang='lat'><strong>1517,</strong></span> <span class='ocrx_word' id='word_1_284' title='bbox 1317 4266 1404 4317; x_wconf 86' lang='lat' dir='ltr'><strong>bei</strong></span> <span class='ocrx_word' id='word_1_285' title='bbox 1441 4266 1689 4333; x_wconf 67' lang='lat' dir='ltr'><strong>Boe-,king</strong></span> <span class='ocrx_word' id='word_1_286' title='bbox 1736 4267 1773 4329; x_wconf 88' lang='lat'><strong>1,</strong></span> <span class='ocrx_word' id='word_1_287' title='bbox 1811 4281 1854 4315; x_wconf 86' lang='lat' dir='ltr'><strong>s.</strong></span> <span class='ocrx_word' id='word_1_288' title='bbox 1898 4267 2015 4317; x_wconf 82' lang='lat'><strong>155.</strong></span> <span class='ocrx_word' id='word_1_289' title='bbox 2162 4268 2195 4315; x_wconf 74' lang='lat'>4</span> <span class='ocrx_word' id='word_1_290' title='bbox 2233 4259 2410 4315; x_wconf 78' lang='lat' dir='ltr'><strong>Ausser</strong></span> <span class='ocrx_word' id='word_1_291' title='bbox 2449 4262 2555 4314; x_wconf 86' lang='lat' dir='ltr'><strong>den</strong></span> <span class='ocrx_word' id='word_1_292' title='bbox 2595 4259 2775 4314; x_wconf 84' lang='lat' dir='ltr'><strong>beiden</strong></span> 
     </span>
     <span class='ocr_line' id='line_1_37' title="bbox 436 4350 2779 4421; baseline -0.002 -20"><span class='ocrx_word' id='word_1_293' title='bbox 436 4350 712 4403; x_wconf 64' lang='lat' dir='ltr'><strong>comodien</strong></span> <span class='ocrx_word' id='word_1_294' title='bbox 753 4352 1040 4405; x_wconf 86' lang='lat' dir='ltr'><strong>Reuchlins</strong></span> <span class='ocrx_word' id='word_1_295' title='bbox 1079 4354 1197 4404; x_wconf 85' lang='lat' dir='ltr'><strong>sind</strong></span> <span class='ocrx_word' id='word_1_296' title='bbox 1234 4370 1334 4406; x_wconf 84' lang='lat' dir='ltr'><strong>nur</strong></span> <span class='ocrx_word' id='word_1_297' title='bbox 1369 4354 1492 4406; x_wconf 81' lang='lat' dir='ltr'><strong>sehr</strong></span> <span class='ocrx_word' id='word_1_298' title='bbox 1541 4355 1747 4421; x_wconf 81' lang='lat' dir='ltr'><strong>wenige</strong></span> <span class='ocrx_word' id='word_1_299' title='bbox 1784 4353 1890 4406; x_wconf 87' lang='lat' dir='ltr'><strong>und</strong></span> <span class='ocrx_word' id='word_1_300' title='bbox 1928 4370 2063 4421; x_wconf 81' lang='lat' dir='ltr'><strong>ganz</strong></span> <span class='ocrx_word' id='word_1_301' title='bbox 2101 4350 2505 4405; x_wconf 84' lang='lat' dir='ltr'><strong>unbedeutende</strong></span> <span class='ocrx_word' id='word_1_302' title='bbox 2544 4354 2779 4419; x_wconf 63' lang='lat' dir='ltr'><strong>poemata</strong></span> 
     </span>
     <span class='ocr_line' id='line_1_38' title="bbox 440 4437 1018 4493; baseline 0.007 -4"><span class='ocrx_word' id='word_1_303' title='bbox 440 4437 728 4489; x_wconf 84' lang='lat' dir='ltr'><strong>Reuchlins</strong></span> <span class='ocrx_word' id='word_1_304' title='bbox 767 4440 1018 4493; x_wconf 78' lang='lat' dir='ltr'><strong>bekannt.</strong></span> 
     </span>
    </p>
   </div>
   <div class='ocr_carea' id='block_1_8' title="bbox 2895 110 2914 3089">
    <p class='ocr_par' dir='ltr' id='par_1_8' title="bbox 2895 110 2914 3089">
     <span class='ocr_line' id='line_1_39' title="bbox 2895 110 2914 3089; baseline 0 0"><span class='ocrx_word' id='word_1_305' title='bbox 2895 110 2914 3089; x_wconf 95' lang='lat' dir='ltr'><strong> </strong></span> 
     </span>
    </p>
   </div>
   <div class='ocr_carea' id='block_1_9' title="bbox 2897 3254 2910 4887">
    <p class='ocr_par' dir='ltr' id='par_1_9' title="bbox 2897 3254 2910 4887">
     <span class='ocr_line' id='line_1_40' title="bbox 2897 3254 2910 4887; baseline 0 0"><span class='ocrx_word' id='word_1_306' title='bbox 2897 3254 2910 4887; x_wconf 95' lang='lat' dir='ltr'><strong> </strong></span> 
     </span>
    </p>
   </div>
  </div>
 </body>
</html>
