2950 5042
1538 400 1662 469 138

436 611 539 655 me
586 610 714 656 non
760 610 904 655 mea
950 590 1319 659 temeritate
1350 590 1486 657 ulla
1529 592 1596 657 in
1643 590 1810 659 hanc
1843 591 2255 679 Charybdim,
2299 593 2366 658 in
2393 592 2524 659 haec
2564 594 2726 659 malae

431 694 705 761 fortunae
751 696 1108 778 involucra,
1172 698 1237 762 in
1308 698 1425 764 hos
1473 698 1776 782 Scyllaeos
1841 699 2141 783 scopulos
2215 700 2576 783 impegisse,
2630 698 2730 764 sed

428 801 738 866 mandato
783 801 1201 885 Imperatoris
1248 810 1315 867 et
1347 802 1830 887 Archiepiscopi
1874 804 2216 887 praeceptis
2253 804 2274 843 ²
2334 804 2630 887 paruisse,
2667 811 2732 868 ut

344 920 353 928 ‘
431 906 641 973 celere
689 907 845 992 quid
891 908 972 973 de
1020 909 1381 974 cremandis
1427 909 1801 975 Judaeorum
1845 908 2030 974 libris
2077 908 2385 973 sentirem
2415 908 2728 991 obsignato

429 1011 836 1096 fideliterque
882 1009 1263 1079 transmisse
1310 1015 1578 1079 consilio
1627 1034 1771 1079 cum
1817 1014 2069 1079 nemine
2117 1020 2311 1077 antea
2346 1014 2370 1053 ²
2418 1015 2735 1078 communi-

433 1124 579 1182 cato
626 1118 1080 1201 patefacerem.
1172 1120 1338 1183 Nam
1400 1119 1796 1185 excellentiae
1858 1124 2013 1199 tuae,
2075 1120 2317 1184 Doctor
2363 1119 2610 1199 eximie,
2657 1121 2738 1184 ita

432 1245 535 1288 me
600 1225 775 1289 Deus
835 1224 1125 1309 adjuvet,
1183 1233 1359 1290 recte
1410 1226 1751 1309 juraverO,
1813 1224 1970 1289 mihi
2017 1230 2180 1302 tum,
2243 1246 2405 1307 cum,
2435 1244 2632 1289 essem
2683 1225 2738 1289 in

434 1327 772 1408 dictandO,
818 1329 1055 1394 nullius
1101 1331 1542 1395 universitatis
1587 1330 1835 1395 venisse
1883 1331 1948 1394 in
1993 1335 2309 1410 mentem,
2371 1329 2613 1394 nullum
2653 1350 2739 1394 me

436 1436 752 1517 cogitasse
800 1434 1145 1514 hominum,
1192 1436 1439 1500 nullum
1485 1434 1900 1501 consiliorum
1946 1435 2297 1523 collegam,
2359 1436 2641 1520 quamvis
2687 1436 2741 1498 in

436 1540 880 1605 commissione
928 1540 1305 1605 nominatim
1350 1540 1515 1605 alios
1562 1561 1817 1625 quoque
1863 1540 1888 1581 ³
1935 1539 2470 1630 deprehenderim
2535 1538 2740 1625 quibus

433 1666 556 1729 par
612 1646 943 1728 negocium
999 1645 1229 1711 fuisset
1289 1648 1695 1729 imperatum.
1786 1646 1986 1729 Atqui
2046 1635 2466 1712 festinatione
2522 1646 2739 1710 laboris

434 1752 809 1835 imprudens
856 1772 991 1835 eg0,
1038 1773 1165 1816 non
1213 1752 1367 1836 quid
1412 1752 1525 1816 alii
1557 1751 1864 1816 dictaturi
1897 1757 2131 1831 essent,
2180 1750 2296 1817 sed
2328 1757 2584 1817 tantum
2615 1749 2746 1835 quid

434 1856 573 1941 ipse
620 1856 921 1921 afferrem
965 1858 1031 1921 in
1077 1857 1365 1922 medium
1412 1856 1831 1923 consideravi.

614 1962 827 2039 Quare
873 1983 992 2044 per
1038 1963 1246 2026 Deum
1290 1962 1722 2027 immortalem
1754 1962 1801 2041 4,
1849 1961 2088 2026 nullius
2119 1961 2292 2026 docti
2324 1961 2599 2027 hominis
2629 1982 2745 2026 con·

434 2070 688 2151 tempto
737 2088 815 2131 ea
860 2067 1107 2149 scripsi,
1156 2073 1540 2152 tantumque
1587 2067 1804 2147 abest,
1850 2073 1926 2130 ut
1981 2065 2258 2132 elatione
2323 2067 2503 2133 fastu
2559 2068 2747 2144 livore,

435 2177 555 2237 aut
615 2192 767 2254 erga
829 2172 1086 2255 quosvis
1146 2172 1437 2239 literatos
1498 2179 1753 2238 tumore
1801 2172 1997 2237 animi
2044 2173 2109 2237 in
2158 2173 2260 2239 his
2308 2174 2573 2257 scriptis
2617 2192 2750 2237 usus

436 2278 575 2356 sim,
622 2284 696 2341 ut
742 2277 937 2343 etiam
984 2299 1168 2344 nemo
1217 2278 1295 2343 de
1341 2300 1443 2343 me
1479 2280 1798 2343 veraciter
1829 2278 2122 2363 proferre
2155 2285 2355 2364 queat
2389 2301 2496 2345 me
2545 2278 2752 2364 quibus

436 2384 566 2447 vixi
623 2383 1095 2467 quinquaginta
1160 2404 1273 2449 sex
1330 2386 1514 2449 annis
1567 2384 1611 2464 5,
1671 2384 1802 2449 ullo
1862 2401 2150 2469 unquam
2213 2392 2509 2469 tempore
2571 2385 2747 2450 scien·

433 2489 672 2554 tiarum
729 2491 977 2572 peritos
1037 2490 1415 2573 neglexisse.
1511 2489 1635 2555 Sed
1693 2491 1865 2556 omni
1923 2512 2038 2573 ego
2087 2491 2449 2574 disciplinae
2519 2510 2750 2574 semper

432 2594 742 2663 honorem
788 2595 1009 2674 detuli,
1056 2597 1335 2660 maxime
1381 2602 1602 2660 autem
1647 2596 2100 2662 sacratissimae
2146 2596 2510 2681 theologiae,
2558 2598 2648 2661 ita
2686 2600 2749 2657 ut

433 2701 775 2767 novissime
809 2701 834 2739 ⁶
881 2703 948 2767 in
991 2702 1169 2767 illius
1216 2700 1612 2785 profectum,
1661 2701 2013 2767 utilitatem
2073 2709 2274 2787 atque
2339 2702 2605 2767 laudem
2657 2701 2750 2765 he-

433 2806 757 2873 braeorum
816 2804 1100 2891 linguam
1159 2808 1225 2871 in
1280 2807 1518 2871 latinas
1565 2808 1857 2890 regulae,
1914 2826 2076 2891 opus
2137 2813 2333 2873 antea
2379 2807 2754 2882 inauditnm,

435 2913 828 2995 redegerim,
894 2914 1163 2997 ejusque
1231 2912 1688 2977 dictionarium
1761 2914 2262 2991 construxerim,
2319 2914 2548 2979 labore
2626 2932 2754 2976 meo

436 3016 913 3102 plenissimum,
963 3039 1109 3082 cum
1154 3016 1458 3083 nonnullo
1496 3018 1518 3057 ⁷
1582 3018 1678 3083 rei
1741 3040 1898 3084 meae
1948 3018 2285 3084 familiaris
2329 3020 2657 3102 impendio
2701 3022 2757 3081 et

432 3123 721 3207 jactura,
782 3130 1038 3188 tantum
1110 3145 1212 3188 me
1285 3124 1487 3188 movit
1544 3143 1881 3189 sacrarum
1941 3125 2278 3190 literarum
2337 3121 2609 3209 insignis
2669 3144 2759 3187 ex-

442 3228 765 3308 cellentia,
815 3235 882 3293 et
926 3229 1216 3314 ejusdem
1261 3228 1728 3315 discipulorum
1774 3229 1980 3295 honor
2026 3236 2092 3295 et
2133 3229 2349 3295 decus.

616 3334 693 3397 Id
725 3333 955 3414 scribo,
985 3342 1061 3400 ut
1088 3357 1274 3400 nemo
1296 3358 1399 3401 me
1418 3336 1776 3401 arbitretur
1792 3335 2044 3401 illustre
2064 3335 2224 3400 illud
2247 3341 2312 3400 et
2337 3331 2763 3418 splendidissi-

438 3459 616 3504 mum
636 3440 1039 3525 gymnasium
1058 3451 1348 3506 vestrum
1375 3442 1858 3526 contempsisse,
1881 3441 1991 3526 qui
2013 3440 2226 3506 adhuc
2255 3442 2564 3520 nesciam,
2592 3438 2763 3524 quale

438 3568 553 3612 vos
603 3546 991 3612 consilium⁸
1040 3546 1367 3612 dederitis
1442 3548 1665 3613 Potuit
1710 3550 1930 3612 auteni
1979 3544 2148 3626 fieri,
2197 3552 2273 3611 ut
2323 3567 2473 3611 cum
2518 3546 2599 3611 de
2647 3564 2764 3609 cre-

436 3652 691 3719 mandis
738 3652 1109 3718 Judaeorum
1155 3652 1338 3718 libris
1400 3654 1646 3718 nullam
1702 3653 1925 3736 legem,
1975 3652 2222 3717 nullum
2254 3672 2601 3731 canonem,
2645 3648 2764 3715 nul-

442 3758 579 3825 lum
612 3759 945 3825 decretum
973 3758 1321 3844 publicum,
1365 3760 1614 3824 nullam
1642 3750 2026 3824 univer‘salis
2062 3758 2346 3846 ecclesiae
2393 3756 2763 3823 determina-

1598 3906 1630 3943 ,ιι

588 4002 609 4046 1
656 3997 714 4047 V.
744 3999 809 4047 26
837 3996 952 4047 Juli
982 4012 1030 4047 u.
1078 4001 1138 4047 12
1170 3999 1307 4063 Aug.
1350 3998 1507 4057 1510,
1541 4012 1653 4049 nr0.
1688 3996 1836 4047 CXX
1863 4014 1914 4046 u.
1943 3996 2132 4047 CXXI.
2277 3998 2306 4044 2
2349 3996 2518 4044 Antea
2554 4008 2700 4057 ausg.
2727 3994 2768 4039 2.

440 4092 471 4137 3
496 4085 741 4136 Namlich
772 4085 1127 4136 Hochstraoen
1154 4101 1203 4134 u.
1234 4085 1421 4135 Viktor
1445 4100 1495 4134 v.
1522 4084 1751 4135 Karben.
1851 4091 1880 4133 4
1910 4084 2268 4149 Consydcravi
2297 4087 2324 4132 2
2356 4086 2409 4132 in
2432 4081 2704 4131 mortalem
2733 4085 2768 4127 1.

438 4177 469 4225 5
508 4175 656 4225 Nach
684 4174 864 4225 annis:
906 4181 959 4224 et
994 4188 1153 4239 supra
1192 4178 1238 4223 2.
1280 4174 1487 4223 Gewiss
1514 4176 1631 4224 eine
1661 4172 1936 4223 hinzuthat
1960 4174 2045 4223 bei
2073 4173 2164 4223 der
2189 4172 2520 4237 lierausgabe
2549 4168 2639 4219 der
2665 4183 2768 4234 epp·

438 4264 514 4313 ill.
542 4263 637 4323 vir,
664 4262 748 4311 dic
775 4262 901 4311 aber
926 4263 1075 4311 nicht
1102 4268 1262 4327 passt‚
1292 4264 1347 4313 R.
1378 4263 1558 4313 warde
1591 4266 1722 4313 1455
1750 4261 1978 4327 geboren
2005 4290 2069 4299 --
2092 4270 2336 4326 tauquam
2363 4261 2445 4309 fiir
2468 4273 2701 4323 unquam
2728 4260 2766 4303 2.

440 4352 471 4399 6
507 4349 825 4417 NovissImo]
890 4351 1021 4400 1506
1073 4365 1117 4400 S.
1166 4349 1265 4399 den
1307 4350 1750 4417 widmungsbrief
1789 4366 1855 4401 an
1902 4350 2002 4400 dun
2049 4348 2244 4399 bruder
2298 4348 2591 4413 Dionysius
2643 4344 2766 4394 oben

434 4452 547 4488 nro.
593 4436 903 4489 LxxxxV.
1050 4442 1078 4487 ⁷
1118 4438 1313 4504 Magno
1351 4440 1436 4489 far
1462 4440 1719 4489 nonnullo
1759 4444 1808 4488 2.
1955 4441 1988 4490 s
2024 4423 2171 4491 iiber
2209 4438 2307 4493 den
2334 4435 2642 4509 rathsofflag
2675 4431 2757 4484 der

443 4524 634 4583 Cblncr
670 4524 903 4581 fakultat
939 4526 1047 4603 vgl.
1086 4526 1348 4585 Reucblin
1386 4542 1430 4579 s.
1473 4528 1575 4577 235
1614 4529 1687 4602 fg.
