2950 5042
1293 386 1426 455 269

175 575 528 646 obliterata
569 577 640 643 in
679 560 914 645 'lucem
960 574 1225 644 rediret.
1317 576 1460 643 Hoc
1484 593 1699 661 'egere
1746 574 1980 644 summi
2038 573 2161 641 viri
2205 572 2540 643 certatim..

174 683 340 749 Nam
389 682 612 751 docuit
644 683 750 748 hic
767 732 782 763 ,
842 680 1400 749 commentabatur
1446 682 1653 763 alter,
1700 681 1950 767 legerat
1995 680 2119 749 iste
2136 730 2151 761 ,
2210 681 2529 765 interpre-

174 796 358 857 tatus
403 794 510 855 est
553 788 670 855 ille
715 809 794 853 ac
842 788 1095 871 linguas
1127 787 1323 853 vertit
1367 788 1460 859 in.
1482 787 1753 873 linguas.
1846 786 2177 856 Marsilius
2208 785 2531 853 Graeciam-

178 896 368 963 duxit
433 896 504 961 in
565 895 860 975 Latium,
926 895 1251 961 Romanos
1316 894 1384 959 in
1444 893 1764 961 Graeciam
1790 948 1801 961 .
1827 892 2185 959 Politianus
2244 891 2527 959 reduxit.

177 1000 523 1070 Instabant
570 1020 794 1067 omnes
840 1000 1054 1085 operi,
1115 1021 1304 1067 nemo
1361 1021 1491 1067 non
1540 1020 1829 1069 summas
1879 997 2239 1066 Medicibus
2292 996 2525 1065 laudes

178 1104 475 1173 afferens.
568 1106 704 1173 Hos
750 1107 816 1171 in
862 1105 1118 1185 heroas,
1165 1105 1543 1173 beatissime
1574 1105 1729 1185 Leo,
1774 1111 1929 1171 tuus
1976 1102 2211 1171 natalis
2257 1102 2525 1187 virgula,

179 1219 247 1278 ut
291 1214 509 1298 ajunt,
580 1211 796 1303 divina
855 1211 1158 1278 foeliciter
1202 1211 1454 1291 cecidit,
1517 1212 1655 1277 Diis
1720 1210 1959 1295 gratia,
2028 1215 2207 1303 certe
2260 1215 2341 1277 ut
2396 1229 2533 1287 non

180 1321 466 1385 restaret
531 1316 738 1382 ullum
784 1316 1198 1401 elegantioris
1267 1316 1579 1384 doctrinae
1640 1337 1871 1401 genus,
1934 1316 2001 1382 in
2064 1336 2192 1401 quo
2263 1320 2339 1381 tu
2396 1333 2527 1381 non

181 1422 468 1489 evaseris
538 1423 845 1507 peritior,
921 1422 1086 1489 adeo
1164 1422 1428 1508 quidem
1501 1443 1686 1507 puer.
1756 1421 2093 1507 amplexus
2156 1418 2535 1506 politissimi·

185 1528 576 1598 suavitatem
621 1528 942 1594 Politioni.

359 1632 535 1711 Quid
581 1633 854 1698 multis?
915 1633 1246 1701 Florentia
1301 1634 1414 1701 illo
1473 1654 1609 1700 aevo
1664 1633 1823 1699 nihil
1888 1638 2034 1699 erat
2085 1631 2377 1701 floridius
2396 1681 2413 1713 ,
2458 1632 2529 1702 in

182 1762 310 1825 qua
392 1744 899 1807 renascerentur
976 1740 1370 1823 optimarum
1444 1740 1689 1807 artium
1770 1760 1916 1824 quae
1990 1745 2145 1807 ante
2234 1736 2535 1817 cecidere,

183 1846 427 1926 omnia,
479 1844 640 1911 nihil
686 1845 1000 1911 remansit
1042 1846 1362 1913 intactum
1409 1845 1494 1913 de
1538 1844 1773 1929 linguis
1819 1849 1890 1911 et
1932 1843 2175 1925 literis,
2223 1865 2355 1929 quo
2400 1864 2531 1911 non

187 1956 651 2017 exercerentur
697 1949 1082 2017 nobilissimi
1113 1952 1163 2017 F
1165 1950 1489 2018 lorentini.
1582 1952 1679 2021 Ea
1722 1950 1897 2017 fama
1944 1970 2062 2035 ego
2093 1956 2233 2020 tum
2264 1949 2529 2036 quidem

187 2056 606 2123 vehementer
649 2056 970 2135 movebar,
1019 2062 1237 2122 tactus
1285 2059 1426 2143 ejus
1456 2056 1583 2121 loci
1614 2054 1991 2139 cupiditate,
2038 2077 2117 2122 ac
2160 2076 2287 2123 non
2320 2055 2529 2124 solum

187 2160 802 2247 magnificentissimi
851 2168 918 2227 et
960 2163 1202 2229 insueti
1245 2163 1431 2229 nobis
1463 2162 1800 2246 Hercyniis
1848 2159 2103 2227 dificiiae
2143 2162 2333 2231 avitae
2378 2167 2527 2243 tue,

187 2289 380 2352 quam
428 2266 646 2352 Magni
707 2267 924 2333 Cosmi
987 2270 1437 2349 nominarunt,
1510 2288 1731 2335 verum
1808 2267 2007 2333 etiam
2077 2266 2367 2352 parentis
2430 2264 2533 2345 tui

189 2374 530 2459 desyderio
587 2373 871 2453 visendi,
925 2374 1094 2439 unde
1151 2380 1376 2441 nostro
1449 2372 1685 2441 saeculo
1747 2378 1933 2439 tanta
1988 2372 2327 2441 commoda
2383 2392 2537 2457 pro-

189 2479 478 2547 diissent.

358 2586 570 2671 Igitur
612 2586 679 2651 in
725 2585 982 2651 Italiam
1027 2586 1358 2671 profectus
1403 2606 1551 2653 cum
1595 2585 1837 2653 illustri
1880 2584 2259 2651 Eberhardo
2306 2580 2523 2649 Probo

190 2691 552 2759 Suevorum
597 2698 824 2758 nostra
869 2698 1064 2759 aetate
1109 2692 1318 2777 primo
1367 2692 1579 2771 Duce,
1643 2691 1746 2758 cui
1790 2712 1833 2755 a
1888 2689 2169 2757 Secretis
2231 2687 2468 2755 fiebam
2502 2687 2529 2729 ²

193 2797 430 2866 intravi
477 2797 876 2865 Florentiam
922 2798 1182 2864 circiter
1242 2803 1320 2863 12
1368 2797 1694 2863 Kalendas
1740 2794 1997 2880 Apriles
2053 2797 2237 2863 Anno
2284 2792 2533 2873 Christr

194 2908 384 2969 1482.
492 2902 760 2988 Cunque
808 2904 1122 2987 insignem
1179 2903 1446 2971 Medicae
1494 2902 1703 2987 gentis
1778 2901 2187 2967 nobilitatem
2255 2900 2316 2966 ei
2376 2898 2532 2971 duci

187 3008 765 3089 commendassem,
829 3014 904 3074 ut
961 3031 1080 3094 pro
1127 3011 1224 3076 rei
1286 3010 1561 3076 veritate
1608 3008 1901 3093 profecto
1956 3006 2188 3088 debui,
2249 3004 2530 3091 optabat

186 3134 330 3179 cum
404 3134 486 3179 >eo
548 3115 672 3181 sibi
733 3114 867 3179 viro
921 3114 1325 3201 colloquium
1399 3114 1664 3182 habere.
1781 3112 1967 3193 Quod
2039 3112 2155 3179 ubi
2228 3109 2531 3193 animadq

186 3221 509 3300 vertisset,
554 3220 772 3285 nescio
819 3243 947 3305 quo
995 3220 1358 3301 revelante,
1403 3219 1825 3299 Laurentius,
1870 3218 2304 3305 apprehendit
2347 3236 2534 3303 pere7

186 3326 352 3409 grini
415 3325 753 3391 dexteram
815 3348 1134 3411 perquam
1194 3327 1594 3407 humaniter,
1670 3348 2020 3411 omnesque
2080 3346 2197 3391 nos
2268 3325 2531 3391 domum

187 3452 372 3505 suam
420 3416 609 3497 duxit
669 3430 920 3515 singula
976 3432 1118 3499 visu
1181 3432 1372 3517 digna
1429 3432 1811 3499 ostendens:
1859 3432 2110 3510 Primo,
2174 3430 2531 3497 faberrima

187 3556 508 3625 equorum
537 3536 818 3617 stabula,
867 3536 1099 3606 deinde
1131 3538 1707 3603 armamentarium
1738 3538 1911 3603 omni
1940 3542 2261 3621 apparatu
2295 3534 2527 3604 bellico

185 3644 533 3723 refertum,
591 3650 740 3727 post
798 3643 958 3709 item
1021 3644 1303 3729 singulos
1363 3644 1685 3709 thalamos
1752 3642 2235 3727 pretiosissimis
2298 3639 2529 3711 aulaeis

185 3756 453 3815 ornatos
519 3748 956 3834 pulchrosque
1033 3755 1290 3833 tapetas
1365 3756 1432 3815 et
1514 3750 1581 3814 in
1638 3748 1920 3815 excelso
1968 3747 2264 3815 culminis
2342 3751 2528 3813 tecto

185 3854 534 3922 arboribus
579 3854 901 3922 consitum
933 3876 1180 3937 nemuS,
1225 3854 1643 3939 hesperidum
1673 3854 1914 3935 hortos,
1962 3876 2039 3921 ac
2084 3875 2285 3921 aurea
2329 3853 2529 3939 mala,-

186 3962 368 4047 eujus
431 3960 896 4029 bibliothecam
951 3982 1100 4027 cum
1163 3961 1232 4027 in
1295 3960 1493 4027 coelos
1556 3980 1763 4045 usque
1840 3961 2055 4027 verbis
2128 3959 2529 4045 extollerem,

185 4066 692 4150 perhumaniter,
739 4072 816 4132 ut
860 4066 1116 4133 solebat
1159 4067 1257 4131 vir
1302 4066 1739 4146 suavissimus,
1784 4065 2122 4150 respondit
2175 4066 2531 4151 „majorem

187 4172 312 4239 sibi
357 4172 738 4239 thesaurum
785 4173 850 4237 in
897 4171 1120 4239 liberis
1154 4193 1294 4239 esse
1327 4192 1521 4257 quam
1567 4173 1635 4239 in
1678 4171 1926 4239 libris“.
2232 4194 2238 4199 ·

367 4278 597 4355 Quaeso
661 4284 759 4359 te,
819 4278 996 4363 Papa
1043 4277 1479 4361 sanctissime,
1527 4278 1702 4345 sinas
1762 4299 1903 4347 me
1920 4276 2104 4365 loqui
2148 4283 2366 4346 tecum
2410 4276 2529 4347 ali-

1325 4426 1359 4464 a*

336 4520 357 4567 1
399 4512 526 4585 vgl.
562 4515 692 4571 iiber
729 4514 874 4569 diese
915 4516 1048 4567 reise
1088 4514 1360 4580 Reuchlin‚
1397 4533 1438 4567 s.
1483 4518 1547 4565 24
1588 4516 1662 4583 fg.
