2950 5042
1280 460 1369 528 99

192 671 296 735 pro
326 649 821 737 uniuscujusque
868 651 1243 739 interpretis
1290 654 1634 721 sententia.
1711 654 1888 721 Nihil
1919 656 2084 723 enim
2119 656 2220 725 vel
2266 680 2497 744 parum

189 756 433 823 arbitrio
506 763 736 823 nostro
794 756 1203 843 reliquimus,
1263 758 1377 825 sed
1440 760 1787 846 cujuslibet
1853 762 2268 831 translatoris
2325 766 2500 851 judi-

187 860 332 927 cium
379 864 898 929 monstravimus.
974 864 1209 930 Restat
1250 864 1441 931 modo
1490 872 1566 932 ut
1608 867 2006 935 memineris:
2053 870 2499 957 praecedenti-

186 964 289 1031 bus
330 966 579 1034 duobns
644 968 707 1033 in
767 968 951 1035 libris
998 968 1306 1037 hebraica
1352 992 1453 1037 me
1515 972 1842 1057 primitiva
1888 974 2095 1041 solum
2141 976 2496 1061 collegisse,

184 1094 289 1139 nou
332 1080 543 1141 autem
599 1074 1027 1156 thalmudica,
1084 1096 1291 1163 neque
1340 1076 1697 1160 chaldaica,
1741 1079 2026 1165 psalmos
2073 1080 2350 1169 denique
2396 1104 2494 1151 se-

184 1179 429 1245 cundum
470 1178 921 1247 Hebraeorum
968 1202 1305 1249 numerum
1353 1188 1420 1249 et
1465 1205 1592 1251 non
1633 1184 1827 1269 juxta
1872 1184 2181 1253 ecclesiae
2227 1194 2492 1257 nostrae

184 1284 645 1353 adnotationem
679 1288 934 1367 citasse,
984 1294 1253 1373 propter
1287 1311 1418 1370 eos,
1465 1290 1576 1375 qui
1609 1288 1690 1357 de
1723 1290 1936 1359 Biblia
1965 1292 2276 1359 hebraica
2305 1314 2494 1361 cona-

184 1389 391 1457 buntur
454 1392 825 1459 doctrinam
888 1400 1181 1461 nostram
1243 1394 1604 1481 prudenter
1669 1398 1908 1463 conari.
2000 1399 2185 1464 Nunc
2247 1399 2314 1464 in
2369 1398 2494 1465 hoo

184 1498 345 1561 tertio
375 1497 547 1564 libro
602 1498 687 1563 ad
718 1504 931 1567 artem
964 1501 1451 1585 grammaticam
1489 1522 1934 1587 properamus,
1980 1510 2054 1569 ut
2099 1503 2210 1587 qui
2255 1525 2338 1569 ex
2381 1524 2494 1569 an-

188 1603 496 1670 terioribus
556 1604 814 1689 legendi
861 1606 1121 1672 modum
1174 1614 1241 1675 et
1286 1606 1742 1673 vocabulorum
1801 1606 2255 1674 hebraicorum
2303 1608 2495 1693 signi-

195 1704 340 1773 ficata
406 1717 599 1777 recte
650 1711 784 1795 jam
846 1717 1101 1793 tenent,
1164 1734 1206 1777 a
1253 1713 1798 1799 consequentibus
1831 1711 2086 1779 discant
2131 1714 2492 1781 orationem

201 1814 561 1898 expertibus
630 1816 762 1883 suis
805 1824 1241 1883 constructam
1276 1817 1709 1885 artificialiter
1756 1815 2128 1901 explanare.
2190 1819 2264 1883 In
2312 1818 2492 1883 tenui

190 1915 356 1985 labor:
400 1928 475 1988 at
527 1922 745 1987 tenuis
792 1943 915 1987 non
965 1923 1186 2006 gloria.
1264 1924 1480 2001 Quare
1513 1922 1929 1988 vehementer
1961 1923 2241 2003 curabis,
2287 1924 2343 1989 si
2387 1944 2492 1989 me

182 2043 342 2105 amas,
372 2033 445 2093 ut
477 2033 607 2093 tua
637 2027 1066 2111 intelligentia
1098 2029 1185 2093 sit
1215 2028 1502 2111 adjutrix
1535 2032 1796 2093 nostrae
1829 2026 2211 2094 industriae.
2259 2028 2494 2095 Brevia

181 2134 232 2193 et
265 2131 420 2197 levia
466 2132 597 2198 tibi
662 2137 1013 2215 praecepta
1061 2132 1231 2199 dabo
1288 2140 1357 2199 et
1402 2132 1592 2199 simul
1639 2132 1852 2213 clara,
1899 2132 2074 2218 quod
2126 2134 2293 2200 alius
2340 2138 2494 2201 ante

178 2256 259 2299 me
300 2237 449 2302 fecit
511 2258 717 2303 nemo.
812 2237 1002 2303 modo
1065 2259 1252 2318 cave,
1314 2260 1395 2305 ne
1457 2246 1524 2304 te
1589 2237 1832 2305 laboris
1886 2246 2256 2324 pertaesum
2320 2240 2496 2305 inve·

176 2339 335 2406 niam.
439 2340 657 2425 [Ende
723 2340 838 2408 des
908 2342 1150 2411 dritten
1220 2342 1508 2428 bachea]
1600 2344 1822 2409 Finem
1895 2343 2168 2411 docendi
2237 2344 2492 2425 faciam,

176 2448 230 2509 tu
271 2468 414 2513 vero
466 2446 763 2513 discendi
809 2470 1195 2533 numquam,
1256 2450 1313 2516 si
1374 2448 1568 2516 modo
1617 2448 1830 2535 sapis,
1876 2471 2022 2515 cum
2083 2451 2249 2517 enim
2310 2449 2490 2517 nulla

174 2550 242 2613 sit
280 2553 604 2635 possessio
652 2542 955 2621 doctrina
1001 2552 1359 2635 honestior,
1420 2552 1572 2619 dum
1635 2575 1714 2620 ea
1760 2553 1964 2619 videri
2022 2555 2220 2621 debet
2265 2556 2491 2622 hones-

172 2655 427 2739 tissima,
478 2679 647 2745 quae
706 2658 877 2725 circa
925 2681 1031 2727 res
1096 2682 1381 2727 summas
1430 2666 1499 2725 et
1544 2658 1962 2725 admirabiles
2027 2666 2352 2741 versatur,
2417 2666 2492 2727 ut

174 2770 300 2828 sunt
340 2764 509 2830 haec
575 2764 977 2845 rudimenta,
1039 2788 1208 2851 quae
1256 2766 1377 2832 tibi
1426 2771 1495 2831 et
1547 2786 1665 2849 per
1725 2772 1788 2831 te
1852 2764 2147 2831 omnibus
2207 2784 2488 2829 arcanae

174 2867 600 2954 philosophiae
662 2870 915 2955 cupidis
992 2872 1228 2957 puerili
1302 2872 1457 2937 licet
1531 2868 1803 2937 artificio
1879 2869 2288 2953 praebebunt
2362 2869 2489 2935 iter

175 2972 244 3037 ad
303 2975 889 3059 perscrutationem
953 2976 1604 3061 profundissimarum
1663 2976 2116 3054 scientiarum,
2181 2976 2287 3041 cui
2345 2996 2488 3061 gra·

176 3077 447 3147 vissimus
521 3082 911 3165 astipulatus
983 3083 1169 3149 testis
1246 3082 1355 3147 ille
1436 3082 1692 3166 imperii
1763 3082 2036 3148 Romani
2112 3082 2346 3148 nobilis
2421 3086 2490 3147 et

177 3203 499 3263 generosus
569 3208 782 3252 comes
852 3187 1137 3252 Joannes
1204 3187 1394 3253 Picus
1466 3186 1990 3267 MirandulanuS,
2063 3186 2487 3271 Philosophus

176 3287 226 3351 in
272 3293 401 3357 suis
448 3292 967 3358 conclusionibus
1018 3293 1059 3371 ¹,
1126 3314 1325 3379 quum
1372 3292 1498 3372 ait,
1571 3292 1730 3373 „Qui
1789 3293 2082 3359 ordinem
2138 3292 2486 3359 hebraicae

180 3392 404 3479 linguae
454 3398 773 3483 profunde
823 3405 889 3464 et
950 3398 1328 3463 radicaliter
1391 3398 1676 3464 tenuerit
1723 3405 1920 3482 atque
1979 3398 2162 3463 illum
2220 3419 2488 3484 propor-

183 3499 554 3569 tionabiliter
617 3503 682 3568 in
744 3503 1030 3570 scientiis
1098 3525 1358 3571 servare
1418 3504 1698 3584 noverit,
1763 3504 2200 3588 cujuscunque
2246 3503 2488 3569 scibilis

182 3608 443 3687 perfecte
500 3608 869 3675 inveniendi
927 3630 1218 3675 normam
1281 3616 1347 3676 et
1400 3608 1691 3693 regulam
1737 3607 2039 3673 habebit“
2095 3609 2180 3672 Et
2225 3605 2487 3673 sanctus

182 3712 259 3777 vir
297 3714 727 3797 Hieronymus
793 3714 879 3779 ad
924 3714 1191 3781 Paulam
1256 3714 1565 3781 Urbicam
1621 3713 1702 3779 de
1757 3712 2150 3796 alphabetho
2197 3712 2488 3779 Hebrae-

184 3836 377 3885 orum:
446 3819 602 3904 quid
662 3819 785 3889 hoc
834 3820 879 3901 ²,
937 3820 1183 3904 inquit,
1254 3820 1573 3901 sacratius
1637 3824 2040 3885 sacramento
2059 3819 2090 3883 P
2153 3817 2310 3902 quid
2365 3817 2488 3883 hac

1300 4004 1333 4039 *

302 4110 323 4156 1
368 4106 422 4155 ln
464 4106 562 4156 den
604 4104 902 4157 bekannteu
941 4107 1007 4157 46
1036 4104 1421 4157 conclusiones
1460 4104 1599 4155 nach
1638 4104 1730 4155 der
1765 4102 1952 4154 schrift
1990 4103 2082 4155 des
2117 4102 2306 4153 Pikus:
2349 4105 2490 4171 Apo·

182 4186 304 4258 logia
336 4194 584 4245 tredecim
622 4197 975 4260 quaestionum
1010 4192 1175 4245 findet
1209 4194 1326 4245 sich
1353 4194 1437 4245 die
1462 4194 1811 4259 mitgetheilte
1835 4192 1992 4243 stelle
2023 4192 2188 4242 nicht.
2303 4196 2332 4241 2
2360 4190 2486 4257 quid

186 4277 265 4328 hoc
296 4280 376 4332 bis
420 4284 617 4333 intrare
664 4283 1019 4348 Hieronymus
1070 4298 1117 4332 a.
1158 4296 1205 4332 a.
1248 4297 1295 4332 o.
1336 4281 1512 4347 Opera
1549 4281 1631 4333 ed.
1677 4280 1929 4331 Erasmus
1975 4280 2222 4346 (Basileae
2283 4279 2491 4331 Froben

188 4366 321 4433 1516)
354 4368 407 4419 in
448 4370 537 4421 fol.
576 4369 685 4420 vol.
724 4370 796 4420 IV
826 4370 919 4421 fol.
958 4370 1073 4421 90¹³.
1150 4370 1218 4421 Η.
1246 4368 1389 4419 sahi-t
1426 4370 1552 4421 fort:
1595 4375 1647 4420 et
1684 4384 1898 4420 sensum
1938 4369 2190 4418 creatoris
2227 4368 2491 4435 inspicere

186 4460 225 4501 et
272 4470 525 4509 sermones
577 4456 776 4509 domini
830 4458 912 4509 dei
948 4456 1046 4509 ‘tui
1110 4458 1201 4523 qui
1254 4457 1321 4509 ab
1371 4454 1758 4523 hujusmundi
1808 4455 2136 4523 sapientibus
2189 4456 2494 4508 deridentur

188 4540 345 4606 plenos
383 4545 569 4597 docere
608 4546 867 4615 sapientia
902 4545 1165 4613 spiritali?

1996 4632 2092 4691 7*
