2950 5042
1586 408 1721 475 206·

483 601 635 681 post
675 617 890 663 meum
934 618 1264 665 recessum
1314 620 1394 665 ex
1440 599 1779 684 Moguntia
1824 598 2216 670 furibundus
2260 602 2385 671 iste
2429 599 2769 669 fraterculus

481 701 736 768 nomine
792 702 1158 789 inquisitor,
1219 704 1728 790 appellationem
1784 712 2015 773 contra
2058 709 2643 775 reverendissimum
2682 706 2771 773 do-

480 808 725 875 minum
771 808 1220 893 Moguntinum
1267 810 1447 876 misit
1488 814 1509 849 ¹
1570 817 1637 876 et
1694 810 1752 875 ei
1798 832 1944 877 cum
1990 814 2247 880 notario
2295 820 2363 881 et
2405 814 2659 880 testibus
2697 813 2771 877 in-

483 914 778 995 sinuavit,
825 936 902 980 ac
949 902 1500 982 nihilominus‘ad
1544 915 1767 983 valvas
1800 918 2093 984 ecclesiae
2126 920 2514 1003 Moguntinae
2543 918 2771 985 eandem

482 1019 984 1105 appellationem
1029 1022 1353 1087 intimavit
1399 1042 1545 1088 cum
1590 1022 1853 1089 insertis
1900 1025 2325 1092 atrocissimis
2372 1025 2639 1111 injuriis,
2685 1044 2773 1088 no·

481 1125 778 1191 minatim
822 1127 887 1191 in
935 1126 1072 1191 haec
1117 1127 1318 1193 verba
1365 1128 1458 1193 sic
1506 1126 1763 1193 dicens:
1834 1129 2048 1213 „quod
2104 1130 2245 1215 ipse
2294 1130 2773 1214 archiepiscopus

483 1235 728 1297 temere
785 1232 867 1297 de
923 1232 1096 1299 facto
1140 1233 1431 1317 iniquum
1479 1232 1777 1317 ponendo
1822 1233 2355 1319 impedimentum
2386 1236 2533 1301 -suis
2576 1232 2773 1298 litteris

483 1336 621 1421 ejus
687 1338 896 1421 sigillo
963 1339 1372 1405 communitis
1441 1339 1509 1403 in
1576 1339 1785 1423 figura
1852 1339 2081 1424 judicii
2146 1347 2443 1425 tempore
2508 1337 2774 1405 faciendae

481 1445 818 1509 sententiae
882 1444 1140 1529 publice
1199 1445 1386 1511 lectis
1451 1450 1523 1509 et
1568 1445 1916 1529 publicatis
1964 1468 2117 1511 suos
2176 1446 2263 1512 ad
2311 1444 2665 1532 hujusmodi
2702 1442 2772 1505 in-

482 1549 845 1633 quisitionis
892 1550 1218 1635 negotium
1267 1556 1335 1617 et
1379 1550 1444 1615 in
1493 1571 1693 1616 causa
1737 1548 1889 1616 fidei
1936 1552 2285 1636 deputatos
2318 1549 2773 1627 commissarios,

483 1674 648 1738 quos
691 1656 756 1719 in
787 1645 1288 1740 'suspensionem
1319 1676 1535 1722 causae
1566 1655 1965 1723 ati-mensem
1999 1658 2366 1723 consentire
2398 1656 2773 1733 noluerimus,

483 1780 786 1845 expresse
833 1783 1172 1828 revocasse
1222 1761 1464 1827 dicitur
1526 1768 1593 1827 et
1638 1764 1968 1829 revocavit
2012 1764 2080 1828 in
2130 1764 2510 1831 orthodoxae
2552 1760 2687 1827 fidei
2724 1766 2773 1825 et

483 1866 771 1933 ecclesiae
819 1867 1172 1934 catholicae
1219 1867 1577 1948 laesionem,
1634 1890 1977 1952 processus
2031 1867 2183 1935 fidei
2230 1869 2576 1935 sinceriter
2618 1873 2677 1933 et
2709 1865 2774 1930 le-

480 1972 688 2057 gitimi
747 1973 1034 2038 instituti
1101 1974 1466 2039 irrisionem
1534 1980 1602 2039 et
1664 1975 2031 2040 illusionem
2080 1974 2325 2041 Christi
2394 1972 2673 2039 fidelium
2722 1976 2765 2035 et

481 2078 690 2143 nostri
735 2077 920 2143 officii
967 2078 1362 2160 scandalum,
1401 2078 1674 2164 justitiae
1720 2080 2253 2165 impedimentum
2298 2101 2377 2145 ac
2422 2081 2489 2145 in
2522 2074 2768 2163 gravissi-

480 2204 656 2248 mum
703 2188 771 2249 et
813 2183 1246 2251 intollerabile
1293 2190 1587 2251 nostrum
1633 2186 1940 2252 damnum
1985 2187 2236 2271 pariter
2296 2192 2363 2251 et
2410 2184 2773 2271 gravamen“.

484 2288 571 2355 Et
617 2296 848 2354 caetera
895 2289 1098 2356 multo
1145 2291 1483 2374 turpiora.¹

661 2394 800 2473 Quo
847 2392 1091 2460 factum
1142 2402 1262 2477 est,
1318 2402 1394 2461 ut
1449 2395 1997 2481 appellationibus
2053 2397 2295 2464 nostris
2364 2390 2783 2463 reverendissi-

489 2521 636 2566 mus
681 2499 978 2567 dominus
1024 2501 1436 2586 Moguntinus
1486 2503 1796 2569 detulerit
1840 2508 1907 2567 et
1951 2503 2227 2587 amplius
2272 2502 2339 2567 in
2373 2524 2575 2568 causa
2600 2504 2786 2565 nostra

485 2626 716 2673 manus
778 2627 1106 2691 apponere
1166 2607 1347 2674 nolit.
1439 2609 1536 2673 De
1584 2630 1711 2694 quo
1760 2608 1861 2692 egi
1904 2608 2219 2673 maximas
2267 2602 2785 2673 excellentissimae

485 2712 909 2779 dominationi
957 2712 982 2751 2
1027 2713 1289 2797 gratias.
1382 2715 1468 2779 Et
1514 2714 1605 2779 sic
1649 2714 2027 2799 praedonum
2060 2714 2323 2779 strictos
2355 2713 2537 2779 evasi
2578 2708 2789 2795 gladios

492 2824 560 2883 et
585 2818 612 2857 ³
655 2818 948 2883 dominus
991 2818 1166 2884 Deus
1213 2824 1356 2884 erat
1385 2840 1656 2900 mecum,
1704 2841 1903 2904 quum
1934 2819 2128 2885 alieni
2175 2820 2663 2885 insurrexerunt
2702 2811 2790 2879 ad-

487 2944 744 2991 versum
801 2945 905 2989 me
953 2930 1022 2989 et
1065 2922 1268 3020 fortes
1316 2926 1753 3009 quaesiverunt
1796 2925 2075 2991 animam
2125 2946 2332 2991 meam
2382 2930 2453 2990 et
2498 2944 2624 2989 non
2669 2940 2790 3005 pro-

487 3034 846 3113 posuerunt
890 3030 1098 3095 Deum
1154 3036 1308 3095 ante
1365 3037 1784 3115 conspectum
1830 3052 2015 3097 suum
2060 3030 2116 3112 43
2174 3030 2413 3096 iccirco
2471 3050 2639 3095 nunc
2682 3023 2790 3091 scio

482 3146 668 3215 vere,
735 3135 890 3219 quia
945 3136 1125 3201 misit
1187 3136 1485 3202 dominus
1550 3136 1850 3220 angelum
1919 3158 2103 3202 suum
2176 3141 2243 3201 et
2306 3134 2551 3219 eripuit
2593 3152 2689 3198 me
2726 3127 2791 3191 de

482 3260 679 3306 manu
722 3239 1152 3325 inquinatoris
1198 3247 1265 3307 et
1309 3242 1483 3308 omni
1530 3242 1980 3327 expectatione
2027 3240 2551 3326 praedicatorum.
2624 3238 2793 3303 Eram

484 3345 652 3411 enim
698 3346 821 3412 Dei
865 3347 1078 3431 gratia
1121 3347 1188 3411 in
1233 3347 1675 3432 appellatione
1720 3368 1867 3413 mea
1910 3348 2075 3414 bene
2122 3345 2454 3412 fundatus.

659 3450 734 3518 In
794 3453 970 3519 calce
1030 3452 1152 3519 hoc
1212 3452 1563 3538 adjungere
1609 3452 1873 3537 placuit,
1932 3452 2105 3538 quod
2152 3452 2617 3538 praedicatores
2660 3450 2793 3514 ante

481 3558 652 3626 hunc
696 3578 1070 3644 processum
1113 3558 1503 3643 petiverunt,
1550 3579 1653 3624 me
1698 3559 2047 3640 nesciente,
2102 3558 2369 3625 consilia
2414 3580 2457 3623 a
2503 3553 2790 3623 facultate

480 3664 818 3749 theologiae
865 3664 1066 3730 studii
1109 3664 1528 3730 Lovaniensis
1586 3670 1655 3729 et
1700 3663 2183 3731 Erdfordiensis
2230 3663 2273 3745 ⁵,
2320 3664 2601 3749 doloque
2645 3655 2793 3725 malo

483 3770 878 3857 deceperunt
909 3769 1320 3836 consulentes
1353 3770 1659 3836 doctores
1689 3770 2205 3852 universitatum,
2236 3768 2387 3836 falsi
2406 3764 2793 3853 suggestione

480 3877 833 3964 proposita.
938 3876 1106 3941 Nam
1173 3896 1319 3941 cum
1387 3875 1474 3941 sit
1542 3875 1803 3941 oculare
1872 3876 2207 3961 speculum
2271 3896 2437 3941 unus
2506 3877 2681 3939 totus
2738 3870 2796 3929 et

481 3982 736 4068 integer
788 3982 955 4049 liber
1000 3981 1102 4049 sui
1161 3980 1365 4065 ipsius
1423 3980 1861 4047 declarativus
1920 3983 1986 4046 in
2033 4003 2161 4048 uno
2210 4001 2480 4065 corpore
2528 3992 2795 4059 compre-

479 4089 770 4156 hendens
817 4088 1153 4155 consi-lium
1197 4104 1412 4153 meum
1462 4092 1530 4152 et
1576 4086 1865 4172 ejusdem
1896 4086 2405 4154 declarationem
2434 4104 2647 4150 meam
2676 4086 2793 4145 tam

481 4196 773 4277 latinam,
821 4216 1014 4281 quam
1062 4192 1480 4273 teutonicam,
1526 4192 1636 4257 isti
1683 4193 2147 4277 praedicatores
2180 4193 2646 4276 excerpserunt
2672 4190 2797 4249 tan-

483 4300 815 4369 tummodo
879 4298 1218 4366 consilium
1279 4298 1415 4365 sine
1489 4298 1928 4365 declaratione
1995 4303 2064 4365 et
2124 4298 2257 4363 alia
2323 4297 2477 4363 folia
2546 4298 2613 4359 et
2654 4288 2795 4355 alios

632 4466 655 4510 1
696 4461 876 4510 amisit
929 4464 973 4511 1.
1120 4463 1148 4507 2
1189 4458 1561 4509 dominationis
1614 4404 1657 4509 lx.
1805 4462 1835 4509 3
1874 4458 2085 4527 gladios
2131 4474 2197 4510 ex
2249 4462 2293 4510 1.
2439 4460 2470 4505 4
2506 4469 2585 4523 ps.
2625 4454 2716 4515 64,
2752 4446 2793 4496 5·

485 4549 518 4601 5
555 4545 676 4618 vgl.
712 4546 971 4599 Reuchlin
1010 4563 1052 4600 s.
1093 4548 1194 4596 282
1234 4547 1289 4597 ff.
