2950 5042
1195 378 1327 447 205

171 565 428 651 quisitore
469 566 784 635 irruentes
831 570 1162 637 turmatim
1207 576 1386 637 certe
1431 592 1579 638 cum
1624 570 1869 655 ingenti
1914 590 2177 655 pompa,
2240 576 2305 637 et
2352 569 2434 636 si·-

168 672 270 737 mul
309 670 587 739 doctores
633 673 970 759 theologiae
1015 675 1294 761 plurimi,
1345 681 1412 742 et
1458 674 1540 743 de
1589 675 1857 743 Colonia
1903 681 1970 743 et
2016 676 2097 742 de
2143 676 2434 743 Lovania

168 783 217 842 et
253 776 318 842 de
359 778 710 861 Erdfordia,
757 786 831 846 ut
875 779 1232 862 dicebatur,
1292 804 1452 867 quos
1516 802 1735 849 secum
1791 781 2218 848 adduxerant.
2310 782 2435 847 De-

166 883 316 968 nique
381 890 698 952 trecentos
765 887 960 951 etiam
1037 887 1177 953 dies
1263 888 1667 955 donaverunt
1734 888 2279 973 indulgentiarum
2352 908 2435 953 ex

165 988 415 1056 thesauro
460 990 764 1057 Ecclesiae
825 992 1160 1060 catholicae
1238 993 1535 1061 omnibus
1606 994 1969 1079 quicunque
2043 992 2191 1059 huic
2256 992 2433 1059 actui

166 1094 428 1176 adessent,
471 1096 639 1163 unde
671 1104 1097 1165 accurrerunt
1125 1098 1271 1184 plus
1303 1120 1499 1185 quam
1530 1100 1705 1165 mille
1738 1098 2045 1179 homines,
2092 1098 2429 1184 cupientes

168 1200 332 1266 videre
385 1200 588 1269 finem.
680 1203 954 1290 Jamque
1014 1226 1134 1291 pro
1183 1205 1497 1273 tribunali
1544 1206 1773 1273 sedere
1822 1210 2157 1289 coeperant
2202 1224 2431 1288 graves

163 1306 255 1371 illae
294 1309 588 1374 columnae
638 1310 954 1391 ecclesiae,
1017 1310 1138 1377 sub
1196 1334 1471 1397 quornm
1518 1311 1795 1398 pedibus
1839 1318 2019 1377 terra
2064 1310 2306 1389 tremit,
2353 1328 2447 1399 ac.

165 1433 258 1477 una
293 1434 422 1479 cum
469 1416 560 1481 eis
594 1415 780 1481 sedet
810 1421 876 1483 et
905 1418 1444 1501 praetensissimus
1488 1418 1831 1503 inquisitor
1863 1422 2171 1501 tanquam
2204 1413 2432 1495 Judas,

162 1518 288 1583 volui
325 1520 528 1587 dicere
579 1521 820 1607 judeX,
887 1521 998 1607 qui
1041 1522 1224 1607 prius
1268 1522 1393 1589 fuit
1437 1544 1627 1607 pars,
1693 1527 1831 1589 tum
1894 1521 2071 1587 ecce!
2142 1522 2433 1587 accurrit

161 1625 372 1691 nuncius
431 1626 902 1713 archiepiscopi
972 1650 1120 1695 cum
1171 1628 1483 1695 mandato
1542 1629 1839 1714 superius
1900 1632 2429 1708 commemoratO,

164 1731 288 1813 quod
337 1731 460 1799 illis
520 1734 876 1819 requisitus
931 1734 1226 1802 notarius
1279 1735 1661 1815 insinuavit,
1722 1735 1901 1801 clara
1946 1754 2101 1801 voce
2160 1732 2433 1817 legendo

170 1855 326 1905 coram
367 1840 536 1905 omni
563 1840 825 1925 popu10,
873 1848 1018 1907 erat
1063 1841 1234 1907 enim
1264 1841 1330 1907 in
1362 1841 1580 1925 lingua
1610 1841 1941 1907 teutonica
1972 1838 2431 1923 conscriptum,

166 1946 208 2005 et
228 1943 581 2013 deciderunt
613 1947 830 2014 vultus
861 1947 1120 2015 illorum
1151 1968 1597 2031 pronosorum,
1628 1952 1703 2013 ut
1734 1946 1841 2013 vix
1870 1945 2119 2011 hiscere
2150 1944 2429 2030 quirent.

291 2050 458 2118 Tunc
507 2054 797 2119 surrexit
841 2052 1126 2121 Jacobus
1171 2054 1279 2119 ille
1328 2054 1407 2120 de
1455 2053 1593 2119 alta
1638 2052 1859 2137 platea
1906 2056 1972 2118 et
2018 2050 2429 2136 protestaba-

158 2156 235 2217 tur
285 2156 356 2221 de
412 2158 738 2243 denegata
788 2160 1082 2243 justicia,
1137 2159 1430 2245 profecto
1494 2159 1763 2224 nimium
1818 2156 2043 2223 frivole
2110 2162 2176 2223 et
2234 2177 2434 2241 super

153 2279 300 2340 quam
343 2264 496 2329 ferri
560 2264 753 2330 decet
809 2266 1190 2346 temerarie,
1250 2272 1479 2333 contra
1544 2269 1795 2331 tantum
1844 2268 1911 2327 et
1954 2268 2091 2329 tam
2136 2282 2434 2327 reveren-

152 2363 432 2435 dissimum
481 2370 814 2435 dominum
863 2372 1334 2455 Moguntinum,
1383 2372 1495 2457 qui
1540 2392 1667 2437 non
1717 2369 2061 2453 denegavit
2099 2367 2433 2453 justiciam

148 2472 234 2537 sed
271 2474 434 2543 fovit.
529 2478 638 2545 Sic
689 2477 857 2543 enim
890 2478 1306 2543 constituitur
1350 2478 1416 2542 in
1449 2476 1735 2544 Concilio
1770 2474 2261 2558 Carthaginensi
2308 2472 2426 2537 IV:

149 2576 543 2655 „Studendum
577 2589 680 2649 est
711 2584 1048 2667 episcopiS,
1093 2589 1168 2649 ut
1213 2583 1603 2649 dissidentes
1648 2582 1906 2659 fratres,
1954 2579 2087 2645 sive
2134 2579 2425 2657 clericor-3,

143 2681 242 2749 sive
267 2686 449 2755 laicos
481 2688 569 2753 ad
601 2708 827 2771 pacem
859 2690 1082 2773 magis,
1129 2710 1324 2773 quam
1370 2688 1456 2755 ad
1492 2688 1811 2773 judicium
1856 2686 2257 2751 coerceant&
2338 2683 2424 2747 Et

143 2784 232 2854 hoc
271 2794 539 2860 maxime
589 2816 974 2879 quacunque
1020 2795 1084 2859 in
1133 2815 1349 2874 causa,
1405 2792 1665 2880 quando
1710 2791 2027 2878 judicium
2088 2788 2297 2855 oritur
2352 2808 2433 2853 ex

142 2893 254 2961 odio
295 2906 405 2967 aut
447 2900 806 2985 longinqua
849 2900 1021 2967 inter
1067 2920 1135 2966 se
1183 2900 1316 2981 lite,
1365 2907 1438 2966 ut
1484 2906 1583 2965 est
1627 2898 1693 2962 in
1740 2902 1960 2963 nostro
2008 2916 2182 2961 casu.
2260 2892 2431 2973 Nam

141 2998 208 3065 sic
246 3004 302 3067 in
361 3006 636 3073 concilio
685 3006 1038 3089 Agathensi
1093 3006 1479 3089 continetur.
1571 3004 1757 3071 Unde
1804 3001 2127 3069 Honorius
2192 2999 2431 3067 tertius

140 3104 422 3177 Cardinali
469 3112 536 3179 S.
583 3111 895 3177 Praxedis
952 3112 1048 3177 ita
1109 3112 1396 3195 scripsit:
1451 3111 1733 3194 „poteris
1778 3108 1867 3174 ad
1910 3104 2427 3191 componendum

137 3210 507 3299 interponere
551 3202 802 3301 'partes
871 3222 1020 3283 tuas
1093 3222 1160 3282 et
1225 3216 1552 3283 interdum
1617 3215 1865 3301 aliquid
1934 3212 2268 3281 severitati
2324 3211 2433 3277 de·

137 3318 416 3388 trahere“.
513 3323 758 3389 Iccirco
806 3323 1114 3389 mentitus
1174 3330 1274 3388 est
1320 3322 1773 3408 Altiplatensis
1822 3323 1861 3402 ¹,
1924 3319 2098 3405 quod
2145 3317 2269 3385 sibi
2317 3317 2427 3383 de-

136 3432 332 3509 negata
375 3429 598 3495 fuerat
634 3429 920 3513 justicia.
2030 3494 2041 3500 ,

275 3535 412 3603 Hoc
480 3536 676 3601 modo
745 3535 993 3601 confusi
1057 3535 1330 3615 rubore,
1409 3533 1540 3601 imo
1610 3530 1870 3617 quidam
1942 3549 2166 3595 eorum
2229 3526 2431 3593 livore

136 3638 319 3715 pallidi
363 3663 404 3707 a
451 3647 805 3725 conspectu
867 3642 1196 3707 hominum
1257 3662 1326 3705 se
1373 3640 1864 3717 subtraxerunt,
1928 3656 2045 3720 per
2106 3631 2433 3717 quendam

137 3744 376 3814 ambitus
421 3748 600 3813 illius
647 3748 943 3813 strictum
975 3747 1384 3832 angiportum
1429 3745 1497 3809 in
1544 3745 1805 3809 domum
1835 3740 2109 3806 vicinam
2140 3737 2434 3838 canonici

138 3852 314 3917 nescio
370 3854 592 3938 cujus,
655 3853 904 3919 scilicet
963 3855 1197 3919 beatae
1245 3851 1527 3935 Virginis
1573 3850 1659 3915 ad
1706 3847 1964 3933 gradus,
2029 3866 2174 3910 cum
2219 3843 2459 3909 multa.

135 3954 601 4027 subsannatione
646 3961 1138 4046 insequentibus
1181 3960 1402 4043 pueris
1437 3963 1505 4023 et
1546 3952 1975 4023 stridentibus
2008 3949 2251 4017 adultis
2282 3968 2429 4015 cum

136 4064 378 4130 omnium
424 4072 575 4134 voto
609 4072 676 4131 et
705 4066 1168 4150 imprecatione
1203 4064 1325 4131 hac
1357 4086 1483 4130 non
1518 4063 1799 4129 occulta:
1856 4056 2157 4141 „Utinam
2190 4054 2432 4121 fratres

133 4161 220 4229 isti
258 4171 504 4237 arvales
550 4172 675 4256 ipsi
721 4172 1273 4251 comburerentur,
1321 4170 1434 4255 qui
1477 4170 1627 4235 huic
1674 4168 1811 4232 viro
1856 4164 2025 4230 bono
2088 4161 2433 4227 voluerunt

134 4265 315 4341 facere
357 4277 658 4362 injuriam
705 4283 772 4343 et
813 4278 1104 4363 irrogare
1157 4276 1556 4343 infamiam“.
1647 4274 1783 4357 Ego
1844 4269 1978 4336 abii
2038 4266 2307 4333 tandem
2363 4270 2431 4331 et

1261 4431 1296 4473 aa

255 4524 278 4572 1
317 4522 689 4595 Altiplacensis
735 4527 778 4575 1.
