2950 5042
1273 426 1397 493 137

200 620 303 694 est,
354 616 417 681 in
476 615 794 700 principio
854 614 1189 700 cujusdam
1234 616 1598 683 Baccalarii
1659 618 1723 683 in
1789 622 2104 683 conventu
2163 618 2506 702 prandium

197 722 563 806 sumpsisset,
611 722 953 787 dicebatur
997 722 1319 805 quomodo
1366 722 1624 790 libellus
1675 725 1746 789 D.
1797 724 1869 788 V.
1911 727 1930 763 ¹
2006 729 2158 787 actu
2219 723 2502 789 traditus

198 832 349 891 esset
388 849 505 910 per
552 827 935 893 facultatem
981 827 1247 892 Doctori
1310 829 1389 894 de
1438 829 1754 913 Tungaris
1789 830 1843 909 ²,
1907 828 2016 913 qui
2072 829 2209 912 jam
2273 830 2508 912 princi-

196 932 339 1015 palis
381 938 726 1016 reputatur
772 933 942 997 inter
988 933 1332 1013 seculares,
1364 940 1441 1000 ut
1487 936 1922 1012 examinaret,
1980 934 2148 999 sicut
2211 940 2276 999 et
2331 934 2507 999 facit.

196 1037 333 1101 Sunt
375 1037 645 1103 diversae
693 1039 1047 1117 sententias,
1094 1044 1167 1103 ut
1200 1040 1437 1119 audivi,
1487 1040 1770 1126 quidam,
1821 1040 1966 1123 quia
2025 1038 2284 1103 libellus
2337 1060 2509 1103 com-

195 1143 455 1222 buretur,
504 1144 789 1228 quidam,
837 1144 991 1227 quia
1034 1150 1229 1209 autor
1271 1145 1657 1229 inquiretur,
1705 1145 1816 1209 alii
1848 1144 2042 1208 aliter
2075 1150 2197 1209 etc.
2261 1144 2508 1227 Scripsi

192 1248 329 1313 alias
372 1270 450 1313 ex
482 1249 817 1332 Moguntia
862 1249 1350 1333 procuratrici‚⁸
1394 1258 1467 1315 ιιι
1518 1252 1631 1315 Dn.
1671 1250 1738 1313 V.
1797 1250 2114 1315 avisatam
2172 1248 2508 1329 redderet,

195 1354 337 1419 sicut
402 1354 603 1420 credo
673 1353 844 1419 fecit.
946 1354 1088 1419 Non
1151 1353 1377 1421 dubito
1438 1356 1569 1421 ista
1633 1362 1708 1420 ut
1769 1356 1981 1421 scribo
2051 1354 2218 1419 bono
2283 1354 2498 1419 animo

194 1460 513 1543 accipietis
609 1459 1003 1525 Commendo
1064 1480 1167 1525 me
1215 1459 1636 1526 dominationi
1693 1468 1924 1525 vestrae
1983 1466 2048 1525 et
2110 1466 2494 1525 conventum

192 1563 351 1629 hunc·
374 1567 549 1631 sicut
593 1566 767 1649 patri
828 1570 895 1629 et
946 1563 1318 1631 fidelissimo
1378 1567 1584 1632 tutori
1645 1586 1722 1630 ac
1769 1567 1993 1630 amico,
2087 1564 2326 1631 Curate
2357 1614 2372 1644 ,
2419 1564 2508 1628 mi

196 1668 423 1748 doctor,
488 1670 778 1735 ut'bene
826 1671 1117 1737 valeatis.
1212 1672 1310 1737 Ex
1357 1669 1712 1737 Stainheim
1761 1671 1986 1755 quinta
2032 1676 2180 1755 post
2227 1668 2496 1737 Ursulae.

206 1774 347 1841 Anno
396 1774 644 1839 MDXI.

338 1884 675 1945 Gedruckt:
731 1888 761 1943 1
805 1906 888 1939 =
920 1886 976 1945 J.
1010 1902 1065 1945 V.
1102 1902 1152 1946 e.
1188 1904 1244 1961 p.
1286 1890 1375 1945 2⁸.

1218 2126 1468 2194 CXXX.

312 2232 593 2298 stuttgart.
2014 2238 2079 2285 28
2118 2236 2234 2286 Oct.
2281 2236 2433 2285 1511.

188 2341 482 2445 Egregio
522 2345 682 2418 viro
732 2356 805 2418 et
849 2344 1459 2419 excellentissimo
1508 2372 1737 2419 sacrae
1784 2346 2183 2447 theologiae
2224 2348 2510 2423 doctori

188 2464 465 2543 domino
486 2468 583 2543 N.
629 2468 721 2543 de
746 2468 1111 2567 Tungaris
1147 2468 1224 2541 in
1248 2468 1845 2568 splendidissima
1875 2468 2300 2547 Coloniensi
2336 2472 2500 2547 uni-

185 2592 508 2665 versitate
524 2590 959 2665 cathedram
994 2592 1618 2666 sanctissimarum
1652 2593 2180 2693 scripturarum
2220 2595 2497 2667 tenenti

184 2710 467 2788 domino
505 2740 637 2787 suo
680 2739 904 2813 quam
942 2713 1610 2788 observandissimo
1655 2713 1735 2817 [J
1738 2716 2066 2789 ohannes
2099 2713 2498 2817 Reuchlin]

1145 2835 1220 2911 S.
1269 2837 1355 2910 D.
1402 2835 1543 2910 P.⁴²

339 3001 615 3085 Egregia
672 3006 788 3067 tua
846 3001 1052 3065 virtus
1110 3006 1178 3065 et
1234 3000 1584 3085 sapientia,
1647 3001 2187 3070 excellentissime
2252 3000 2506 3082 doctor,

184 3125 293 3187 qua
334 3106 403 3171 in
447 3112 585 3172 tam
632 3106 871 3173 illustri
915 3106 1199 3171 omnium
1244 3105 1558 3171 bonarum
1605 3107 2047 3171 doctrinarum
2079 3107 2504 3173 universitate

184 3215 245 3273 ut
284 3211 378 3275 sol
424 3212 655 3290 astriS‚
718 3213 809 3277 sic
868 3220 940 3275 ιιι
1001 3212 1285 3295 optimus
1348 3212 1710 3297 quibusque
1777 3220 2080 3297 praestas‚
2138 3213 2205 3278 id
2265 3215 2499 3279 merito

185 3318 280 3379 tuo
324 3317 477 3383 fecit
508 3317 777 3401 ⁵‚0quod
815 3338 1022 3399 nuper
1052 3316 1445 3382 defensionis
1491 3338 1648 3383 meae
1695 3326 1924 3383 contra
1962 3320 2254 3384 libellum
2299 3341 2510 3404 quen-

183 3418 317 3485 dam
359 3423 679 3489 famosum
725 3423 1035 3488 adversus
1082 3443 1184 3486 me
1232 3424 1514 3505 turpiter
1561 3424 1808 3488 editum
1854 3446 2111 3503 censor,
2168 3431 2245 3489 ut
2288 3425 2508 3504 audie,

184 3545 217 3587 a
275 3529 625 3595 reverendo
692 3528 1195 3594 clarissimorum
1267 3528 1716 3613 theologorum
1791 3529 2057 3611 collegio
2131 3530 2218 3593 sis
2292 3529 2508 3593 datus.

186 3629 307 3707 Quo
360 3634 553 3718 plane
612 3632 863 3718 gaudeo
925 3641 991 3699 te
1046 3634 1203 3699 mihi
1256 3635 1454 3699 talem
1521 3640 1901 3718 tantumque
1959 3633 2304 3717 contigisse
2329 3682 2345 3713 ,
2393 3633 2504 3718 qui

187 3755 385 3816 posses
420 3740 445 3779 ⁶
502 3742 785 3823 compati
830 3740 1127 3805 humanis
1173 3738 1696 3817 infirmitatibu8‚
1755 3740 1964 3803 virum
2019 3744 2155 3803 tam
2219 3739 2509 3818 doctum,

187 3846 304 3907 tam
344 3846 645 3929 peritum,
694 3852 761 3910 et
806 3847 974 3911 forte
1019 3848 1087 3910 in
1135 3848 1265 3910 vita
1311 3845 1534 3909 multis
1584 3866 1838 3928 quoque
1901 3843 2273 3909 mort-alium
2331 3845 2500 3927 peri-

188 3947 325 4014 culis
368 3957 759 4036 temptatum
794 3952 837 4017 ⁷.
928 3951 1055 4017 Ubi
1086 3972 1203 4036 pro
1235 3956 1350 4016 tua
1382 3951 1763 4016 exuberanti
1792 3950 2193 4033 perspicacia
2223 3948 2495 4031 videbis,

1323 4098 1359 4137 aaz

315 4192 335 4236 l
380 4188 769 4238 nominationis
816 4194 1019 4237 vestroe.
1168 4191 1196 4236 2
1238 4185 1439 4237 Arnold
1485 4202 1535 4235 v.
1575 4186 1854 4251 Tungern,
1903 4185 2009 4249 vgl.
2059 4184 2302 4249 Bbcking
2338 4184 2514 4251 suppl.

94 4344 99 4347 Ι
190 4269 247 4331 ΙΙ,
280 4290 325 4339 p.
370 4278 489 4327 490.
637 4278 667 4325 3
724 4277 849 4325 Wer
898 4276 1043 4325 disse
1091 4274 1459 4326 beschfltzerin
1525 4273 1816 4323 Reuchlins
1867 4273 1961 4334 ist,
2021 4268 2158 4321 weiss
2207 4272 2292 4322 ich
2346 4272 2514 4325 nicht.

192 4361 221 4404 4
251 4361 385 4412 Ohne
422 4363 705 4413 aufschrift
750 4368 791 4413 l.
863 4363 1101 4413 Joannes
1140 4364 1399 4415 Reuchlin
1436 4362 1752 4412 Phorcensis
1791 4360 1895 4410 LL.
1935 4360 2049 4410 doc.
2091 4360 2308 4425 egregio
2348 4376 2512 4412 sacrae

193 4442 447 4515 theologiae
488 4452 689 4501 doctori
744 4452 807 4501 de
845 4452 1112 4518 'fungaris
1152 4452 1203 4501 S.
1243 4454 1312 4504 D.
1356 4454 1411 4501 P.
1452 4456 1500 4500 2.
1650 4452 1682 4499 5
1720 4449 1871 4497 Facit
1917 4454 1958 4497 1.
2013 4464 2126 4499 mee
2165 4448 2275 4497 und
2324 4449 2512 4499 durch-

197 4536 371 4607 sssngig
407 4554 435 4592 e
466 4541 549 4593 fiir
570 4555 631 4591 ae
679 4545 718 4590 1.
852 4543 881 4595 6
924 4541 1105 4595 Possis
1145 4543 1194 4597 2.
1343 4544 1369 4589 7
1410 4538 1720 4591 Mortalium
1759 4536 2100 4608 suegelassen
2129 4541 2157 4587 2
2186 4543 2438 4592 tentatum
2464 4541 2512 4590 2·
