2950 5042
1592 388 1676 451 82

882 575 1030 644 Sapo
1067 573 1168 626 sub
1207 572 1430 626 obscuro
1468 574 1710 627 meditari
1744 574 1967 643 pulchre
2002 574 2219 640 ucello,

955 664 1034 714 Ne
1070 663 1240 730 fugiat
1275 669 1467 714 emtum
1505 670 1711 730 tempus
1747 669 1797 714 et
1836 663 1966 714 hora
2002 669 2165 729 tuum,

878 753 1114 803 Joannes
1153 751 1336 802 doctos
1372 752 1512 802 inter
1550 751 1924 802 celeberrimus
1960 767 2146 802 omnes

960 839 1166 903 Efficit,
1203 845 1256 890 et
1290 841 1471 906 patriae
1506 838 1681 907 gloria
1720 856 1911 908 magna
1948 855 2069 892 suae.

645 996 970 1058 Gedruckt:
1011 1002 1041 1056 1
1071 1018 1155 1052 =
1173 997 1213 1056 J
1215 999 1418 1058 oannis
1434 997 1720 1058 Reucblin
1760 999 1771 1075 Ι
1810 998 2173 1059 PhorcensiS.
2208 997 2331 1057 LL.
2358 995 2615 1057 doctoris
2628 993 2797 1054 Liber

464 1096 930 1186 congesto-{rum
977 1103 1050 1163 de
1096 1109 1224 1164 arte
1267 1103 1624 1178 predicandi.
1668 1096 1679 1186 Ι
1727 1107 1803 1162 15
1852 1105 1951 1164 bll.
2013 1106 2075 1164 in
2137 1102 2243 1174 403
2288 1120 2323 1161 a
2358 1105 2415 1161 2.
2478 1098 2590 1160 Am
2622 1101 2795 1161 ende:

465 1213 624 1272 Finit
680 1211 827 1270 liber
888 1209 1247 1285 Congestoru
1297 1211 1544 1271 «Ioannis
1592 1210 1868 1270 Reuchlin
1912 1201 1922 1293 Ι
1961 1210 2293 1284 phorcensis
2343 1207 2465 1266 LL.
2514 1207 2797 1266 Doctoris.

465 1309 799 1400 Tem-lpore
853 1316 1180 1390 pestilitatis
1223 1316 1428 1376 aeditus
1476 1318 1538 1376 in
1578 1315 1589 1391 Ι
1629 1316 2077 1376 Denckendorff.
2146 1315 2296 1373 PRI.
2340 1305 2349 1395 Ι
2390 1313 2495 1372 ID.
2550 1313 2801 1387 Septem-

464 1422 616 1483 bres.
661 1421 672 1499 Ι
711 1438 862 1482 anno
901 1421 1141 1482 M.D.11.
1185 1422 1196 1500 Ι
1234 1423 1555 1499 Isnpressus
1596 1415 1605 1506 Ι
1646 1423 1887 1482 Phor-ce.
1929 1415 1939 1494 Ι
1981 1421 2227 1482 Μ.])ΙΠ.
2280 1413 2291 1502 Ι
2378 1422 2413 1478 2
2448 1437 2533 1474 =
2561 1419 2800 1479 ‚Ioannis

463 1527 746 1588 Reuehlin
787 1520 1149 1610 Phorcenlsis
1193 1528 1315 1588 LL.
1363 1528 1615 1589 doctoris
1646 1527 1825 1589 Liber
1870 1528 2285 1602 Congestorum
2326 1525 2335 1602 Ι
2376 1526 2467 1584 De
2502 1531 2632 1584 arte
2660 1541 2803 1598 prae-

465 1630 713 1694 dicandi.
804 1637 880 1692 12
913 1631 1014 1692 bll.
1059 1635 1121 1692 in
1155 1631 1256 1706 40;
1304 1651 1342 1694 a
1379 1631 1479 1707 lb;
1526 1653 1580 1695 a.
1614 1652 1676 1694 e:
1722 1635 1881 1694 Finit
1920 1635 2067 1694 liber
2116 1625 2514 1712 Cogestorno)
2560 1631 2801 1690 Joannis

463 1739 747 1800 Reuchlin
803 1733 1128 1822 Phorsscesis
1188 1739 1312 1799 LL.
1378 1739 1655 1815 doctoriS,
1737 1741 2023 1816 Tempore
2078 1731 2425 1820 pestilitatis
2478 1736 2691 1796 aeditus
2746 1738 2802 1795 in

463 1844 826 1906 Denkedorff
859 1839 870 1928 Ι
909 1844 1032 1907 Pri.
1081 1845 1220 1906 Idus
1267 1846 1460 1920 Septe.
1529 1840 1717 1929 Aano
1761 1847 1909 1921 Mdij
1961 1838 2300 1928 Imlpressus
2357 1834 2607 1924 phor20e.
2639 1841 2795 1921 ΜΒ.Ι

465 1949 622 2012 vm.
674 1953 712 2011 a
747 1972 833 2006 =
863 1950 1081 2026 Mans,
1111 1951 1230 2012 vita
1256 1939 1566 2013 Reuchuifi
1597 1969 1644 2012 s.
1684 1955 1810 2013 245
1843 1953 1921 2026 fg.

1453 2207 1802 2277 LXXXVI.

606 2327 908 2396 Augsburg.
2273 2331 2337 2378 22
2380 2326 2527 2394 April
2574 2328 2727 2378 1503.

542 2439 926 2518 Conradus
979 2442 1375 2544 Peutinger
1425 2441 1472 2542 j.
1534 2469 1606 2518 u.
1665 2443 1969 2540 Doctor,
2010 2407 2081 2518 ‘J
2084 2441 2310 2516 oanni
2360 2439 2729 2516 Reuohlin

1243 2566 1650 2643 Phorcensi
1688 2565 1761 2643 S.
1803 2567 1893 2640 D.
1933 2565 2018 2640 P.

644 2758 912 2828 Gaudeo
956 2759 1307 2847 plurimum
1354 2783 1458 2828 me
1506 2760 1630 2827 tibi
1676 2767 1931 2827 tantum
1978 2782 2117 2827 esse
2166 2758 2375 2840 cordi,
2420 2755 2598 2843 quod
2642 2778 2798 2822 nun·

469 2864 638 2931 cium
694 2871 878 2934 tuum
933 2866 1020 2933 ad
1080 2889 1184 2935 me
1245 2889 1522 2934 vacuum
1569 2869 1667 2933 ire
1716 2886 1844 2936 non
1904 2866 2273 2951 permisisti.
2365 2863 2634 2946 Agimus
2680 2860 2795 2926 tibi

467 2991 585 3054 ego
644 2992 810 3039 uxor
873 2978 941 3039 et
992 2971 1140 3038 filiae
1194 2973 1461 3058 gratias.
1556 2972 2015 3039 Vehementius
2070 2972 2266 3038 etiam
2329 2989 2697 3052 ageremus,
2742 2967 2790 3032 si

465 3075 616 3140 filiae
661 3097 852 3160 agere
906 3077 1172 3143 liberius
1227 3084 1514 3163 possent.
1619 3078 1747 3145 Sed
1794 3079 2007 3144 omnia
2051 3079 2117 3143 in
2164 3077 2492 3144 ‚lulianam
2529 3076 2553 3114 ¹
2598 3072 2788 3138 filiam

470 3171 907 3262 conferemus,
974 3204 1142 3267 quae
1206 3189 1273 3248 et
1335 3184 1563 3250 literas
1623 3184 1814 3250 modo
1869 3184 2106 3251 latinas
2162 3183 2376 3268 legere
2439 3179 2672 3246 didicit
2733 3182 2795 3244 et

468 3287 844 3357 memoriter
901 3286 1150 3372 absque
1211 3289 1454 3374 scripto
1512 3278 1756 3375 repetit
1812 3296 1879 3356 et
1934 3289 2217 3375 syllabas
2264 3288 2461 3354 etiam
2508 3285 2695 3369 (dum
2738 3284 2793 3349 ei

469 3413 700 3458 munus
746 3379 1014 3478 aliquod
1059 3393 1212 3460 licet
1260 3395 1562 3478 exiguum
1612 3395 1808 3479 dono)
1856 3396 2064 3462 discit.
2154 3395 2332 3462 Petis
2376 3415 2417 3458 a
2463 3413 2567 3458 me
2616 3391 2797 3476 quip-

468 3497 645 3581 piam
691 3520 772 3565 ex
817 3497 1014 3565 rebus
1058 3500 1479 3584 professionis
1525 3507 1784 3568 nostrae.
1878 3501 2052 3568 Scito
2109 3499 2285 3585 apud
2329 3519 2449 3566 nos
2492 3497 2658 3563 nihil
2703 3495 2799 3562 vel

1625 3683 1662 3726 ’Β

469 3790 648 3855 sputer
681 3786 948 3840 mehrfaeh
986 3756 1244 3856 gedruckt
1281 3789 1488 3854 warde,
1538 3789 1773 3842 bekannt
1808 3789 2068 3857 gemacht.
2142 3791 2203 3841 In
2243 3789 2441 3841 diesem
2479 3796 2802 3842 commentar

468 3881 634 3927 neunt
667 3893 724 3928 er
759 3876 876 3928 sich
912 3876 1004 3928 fol.
1043 3878 1140 3928 761³
1176 3878 1274 3928 mit
1313 3879 1446 3930 stolz
1488 3879 1640 3929 einen
1678 3879 1901 3930 kritiker
1936 3877 2043 3930 und
2080 3878 2223 3930 mhi-t
2258 3879 2391 3930 fort:
2445 3894 2548 3944 quo
2586 3880 2801 3929 nomine

468 3971 524 4012 tu
564 3963 864 4032 (Reuchlin)
901 3979 984 4015 me
1021 3965 1319 4033 indignum,
1369 3967 1679 4018 dulcissime
1716 3973 2033 4034 praeoeptor,
2069 3967 2124 4016 in
2163 3966 2403 4033 epistolis
2440 3967 2547 4016 tuis
2581 3967 2801 4018 mellitis

470 4051 784 4103 ambrosiam
821 4052 1143 4119 nardumque
1179 4055 1544 4106 redolentibus
1584 4056 1833 4123 saepicule
1871 4055 2170 4123 appellitas.
2244 4054 2419 4105 Briefe
2464 4071 2572 4105 von
2613 4055 2803 4108 Simler

471 4146 634 4192 unten
679 4143 811 4191 1507
849 4140 959 4192 und
1001 4143 1151 4193 1509.

615 4231 641 4277 1
694 4228 882 4280 Dieses
932 4229 1186 4281 friihreife
1241 4230 1526 4294 mssdchen,
1580 4231 1667 4281 die
1722 4236 1859 4281 erste
1912 4228 2117 4281 tochter
2168 4229 2511 4296 Peutingers,
2572 4233 2801 4299 empfing

471 4317 502 4364 3
532 4314 688 4380 jahre
731 4319 793 4368 10
813 4317 1047 4381 'menate
1085 4321 1154 4368 24
1197 4325 1320 4385 tage
1367 4319 1443 4370 alt
1491 4320 1592 4370 den
1638 4319 1816 4368 kaiser
1852 4316 2185 4368 Maximilian
2231 4315 2320 4368 bei
2364 4317 2565 4370 seinem
2614 4320 2801 4385 einzug

467 4404 524 4452 in
561 4403 848 4471 Augsburg·
891 4402 1064 4470 (Febr.
1119 4408 1278 4474 1504)
1331 4409 1428 4458 mit
1473 4409 1623 4459 einer
1670 4405 2024 4458 lateinischen
2070 4401 2417 4472 begriissun33
2470 4408 2802 4474 abgedruckt

468 4490 556 4541 bei
595 4491 778 4543 Veithz
817 4492 1054 4544 Historia
1088 4494 1208 4546 vitae
1246 4493 1304 4548 0.
1341 4497 1649 4563 Peutingeri
1692 4511 1733 4548 s.
1776 4499 1863 4548 24.
1936 4495 2024 4546 Sis
2060 4494 2207 4548 starb
2244 4493 2367 4547 sehr
2398 4493 2710 4565 friihzeitig.
