2950 5042
1288 387 1421 456 335

181 579 245 644 in
292 577 645 664 Gymnasio
690 577 1087 663 Tubingensi
1132 575 1349 643 Biblia
1410 575 1749 658 hebraica,
1813 578 2122 662 insignem
2181 575 2364 642 illum
2433 579 2520 642 24

182 683 578 750 voluminum
622 684 881 765 librum,
928 703 1122 769 quem
1168 681 1355 750 nobis
1402 681 1632 749 Daniel
1672 682 2066 767 Bombergus
2097 681 2519 749 «Iudaicorum

181 788 477 856 codicum
524 789 913 856 artificiosus
958 791 1317 872 impeessor
1358 809 1568 873 nuper
1595 809 1830 873 magno
1865 808 2133 854 numero
2165 809 2199 854 e
2231 786 2520 854 Venetiis

180 895 475 961 venalem
536 895 742 975 misit,
812 895 948 961 sine
1006 913 1135 980 quo
1197 914 1341 960 eam
1402 893 1688 979 linguam
1755 915 1942 961 nemo
1989 894 2089 960 vel
2137 895 2370 960 docere
2415 890 2518 957 vel

181 997 435 1066 discere
500 1006 737 1084 potest.
798 998 1049 1065 Addam
1110 1019 1326 1084 porro,
1384 999 1439 1065 si
1499 998 1768 1086 adjutus
1830 1020 1948 1083 per
1993 1007 2058 1064 te
2105 1001 2308 1078 fuero,
2354 997 2520 1063 Tho-

180 1125 285 1171 ma
349 1105 727 1185 Anshelme‚
800 1103 1345 1190 typographorum
1418 1107 1869 1183 ornatissime,
1933 1103 2385 1170 Demosthenis
2453 1107 2520 1168 et

185 1210 518 1276 Aeschinis
562 1231 957 1276 summorum
990 1207 1255 1276 Graeciae
1286 1216 1616 1277 oratorum
1665 1210 2143 1295 praelectionem
2191 1210 2254 1274 in
2300 1209 2522 1292 lingua

182 1315 430 1395 Graeea‚
494 1316 603 1401 qui
664 1323 929 1382 autores
994 1315 1531 1400 splendidissimis
1575 1317 1824 1382 Latinis
1893 1315 2080 1400 plura
2143 1319 2520 1381 ornamenta

184 1420 716 1506 suppeditabunt,
765 1419 1294 1487 consuetudinem
1352 1421 1676 1507 quandam
1739 1422 2067 1506 eleganter
2102 1418 2518 1507 jucundeque

185 1525 445 1591 dicendi
488 1524 853 1593 afferentes.

362 1631 577 1710 Quare
622 1654 741 1716 pro
789 1633 994 1698 veteri
1038 1639 1263 1700 nostra
1308 1632 1482 1698 inter
1526 1653 1642 1698 nos
1701 1631 2002 1710 amicitia,
2049 1629 2519 1715 conjunctione,

190 1757 267 1803 ac
316 1738 797 1804 necessitudine
842 1745 909 1804 te
956 1747 1130 1822 peto,
1176 1738 1588 1822 integerrime
1635 1737 2006 1817 amicorum,
2071 1735 2230 1802 velis
2273 1736 2340 1800 in
2388 1753 2521 1799 om-

186 1843 359 1909 nium
406 1864 613 1928 graece
676 1842 1112 1911 studiosorum
1176 1843 1528 1912 utilitatem
1599 1849 1666 1908 et
1710 1842 2090 1927 profectum,
2138 1843 2292 1926 quin
2339 1846 2408 1906 et
2451 1838 2520 1903 in

186 1949 281 2014 tui
326 1948 609 2030 fructum
655 1971 782 2016 non
844 1951 1253 2030 mediocrem,
1300 1949 1527 2015 ambas
1574 1947 1908 2014 Aeschinis
1955 1956 2021 2014 et
2066 1944 2518 2013 Demosthenis

187 2053 531 2134 orationes,
578 2054 919 2122 adversum
976 2077 1045 2122 se
1106 2055 1398 2134 habitas,
1444 2053 1650 2120 nobili
1705 2062 1821 2120 tuo
1885 2052 2264 2119 charactere
2312 2070 2522 2135 graeco

186 2179 381 2243 quam
429 2159 949 2229 emendatissime
1012 2168 1079 2228 et
1140 2159 1546 2246 graecissime‚
1606 2165 2005 2245 quantocyus
2065 2158 2206 2225 fieri
2253 2157 2516 2242 poterit,

184 2264 575 2350 imprimere,
622 2272 821 2352 atque
870 2267 1007 2332 sine
1053 2287 1237 2332 mora
1290 2264 1646 2350 Tubingam
1709 2265 1793 2331 ad
1841 2287 1957 2331 nos
2001 2264 2261 2330 mittere
2309 2283 2520 2348 graeea

182 2368 327 2450 fide,
374 2370 496 2437 hoe
542 2379 660 2453 est,
707 2379 973 2458 recepta
1019 2372 1251 2439 mercis
1296 2371 1439 2438 loeo
1487 2377 1720 2456 parata
1763 2372 2054 2455 pecunia,
2103 2390 2297 2456 quam
2344 2369 2401 2434 si
2447 2373 2516 2433 et

184 2476 488 2560 pollicitis
548 2479 709 2544 meis
754 2476 946 2543 fidem
1016 2477 1238 2558 habes,
1300 2485 1610 2562 sequetur
1657 2477 1938 2542 omnium
1986 2475 2520 2542 scholasticorum

184 2583 527 2667 singularis
590 2605 743 2668 erga
800 2592 865 2650 te
934 2583 1383 2650 benevolentia
1444 2603 1592 2648 eum
1637 2582 1901 2658 laudum
1949 2589 2207 2648 tuarum
2254 2581 2515 2644 immor-

183 2688 459 2754 talitate.
533 2689 835 2755 Feliciter
881 2690 1041 2756 vale.
1110 2688 1414 2774 'l'ubingae
1446 2688 1672 2756 Idibus
1704 2687 2048 2768 Januariis,
2095 2689 2279 2770 Anno
2313 2683 2519 2751 Mille-

184 2794 345 2859 simo
394 2795 906 2879 quingentesimo
952 2796 1257 2881 vigesimo
1304 2794 1605 2862 secundo.

364 2901 692 2964 Gedruckt:
728 2925 813 2959 =
844 2906 1055 2982 Maju3‚
1090 2908 1211 2966 vita
1239 2906 1542 2966 Reuchlini
1574 2923 1620 2966 s.
1660 2909 1786 2966 516
1820 2907 1906 2966 bis
1943 2908 2087 2966 519.

1214 3091 1482 3159 CCCIV.

329 3177 585 3247 Venedig.
2022 3185 2086 3232 22
2126 3177 2248 3231 Jan.
2297 3181 2446 3231 1522.

190 3267 379 3340 Dan.
395 3267 855 3368 Bombergus
871 3267 922 3344 J
926 3297 992 3342 o.
1014 3268 1427 3346 Reuchlino
1443 3267 1847 3346 Phorcensi
1863 3269 2013 3343 LL.
2034 3268 2315 3344 doctori
2337 3270 2410 3345 S.
2431 3271 2518 3354 D.

365 3415 509 3480 Etsi
554 3415 826 3482 Talmud
860 3425 927 3482 et
956 3416 1098 3482 Rab
1146 3417 1390 3503 Alphes
1426 3419 1446 3456 ¹
1492 3419 1916 3502 impressione
1948 3417 2364 3502 praepeditus,
2413 3437 2520 3482 ne-

187 3519 342 3585 dum
388 3520 537 3586 hinc
584 3522 670 3587 ad
716 3530 965 3606 septem
1014 3545 1286 3606 menses,
1335 3544 1435 3588 me
1485 3521 1828 3607 sperabam
1874 3523 2004 3588 tuis
2033 3543 2224 3606 posse
2272 3519 2523 3587 deside—

185 3625 299 3692 riis
346 3627 762 3710 respondere‚
810 3626 1046 3712 quibus
1095 3635 1247 3694 tunc
1279 3629 1593 3708 ultimam,
1639 3635 1715 3694 ut
1759 3649 1908 3712 spes
1955 3632 2074 3707 est,
2120 3648 2342 3692 sumus
2386 3646 2524 3691 ma-

185 3750 340 3822 num
388 3732 773 3816 imposituri.
844 3734 1013 3799 Vicit
1055 3740 1291 3815 tamen,
1339 3728 1526 3819 quod
1558 3734 1901 3799 videbatur
1947 3731 2393 3798 difficillimum
2439 3752 2519 3798 ac

184 3838 448 3902 minime
496 3838 898 3918 tentandum,
946 3860 1195 3922 magna,
1244 3862 1375 3924 qua
1418 3848 1634 3906 tecum
1666 3859 1990 3905 connexus
2039 3860 2198 3918 sum,
2247 3837 2522 3902 benevo-

185 3943 410 4024 lentia,
458 3944 708 4029 hacque
742 3951 1007 4012 coactus
1053 3967 1179 4011 non
1210 3945 1411 4030 potui,
1459 3947 1613 4031 quin
1662 3945 1792 4012 tuis
1829 3945 2029 4029 jussis
2061 3944 2518 4028 obtemperans

184 4050 401 4134 gravis
483 4049 638 4116 lieet
708 4051 1005 4118 obstaret
1085 4050 1358 4116 Talmud
1418 4059 1486 4118 et
1543 4051 1684 4118 Rab
1759 4049 1999 4136 Alphes
2059 4056 2126 4117 et
2197 4071 2397 4136 opera
2457 4053 2526 4113 et

337 4251 359 4296 1
402 4244 519 4296 Rab
561 4245 776 4312 Alphee]
835 4245 919 4296 die
960 4245 1223 4296 Halaehot
1272 4177 1363 4296 (1:23
1406 4246 1606 4308 Alfeni,
1656 4245 1740 4297 ein
1778 4244 2148 4296 halachiseber
2190 4259 2393 4309 auszug
2427 4257 2525 4294 aus

188 4333 303 4386 dem
341 4334 597 4400 Talmud,
646 4333 887 4385 ersehien
944 4333 1030 4384 bei
1070 4334 1331 4401 Bomberg
1385 4337 1515 4385 1521
1571 4335 1653 4384 bis
1709 4334 1869 4395 1522,
1919 4332 2024 4400 vgl.
2080 4330 2525 4396 Steinschneider,

188 4423 465 4491 catalogus
519 4422 774 4474 librorum
822 4421 1145 4474 hebraeorum
1195 4423 1249 4474 in
1302 4421 1629 4474 bibliotheca
1677 4421 1980 4492 bodlejsna,
2017 4421 2194 4477 Berlin
2253 4421 2384 4474 1852
2443 4420 2526 4474 bis

200 4513 349 4577 1860,
388 4512 496 4565 vol.
533 4513 574 4578 1,
618 4510 718 4564 col.
763 4512 915 4564 1089.
