2950 5042
1582 369 1726 437 272·

467 654 802 729 tabuerint
848 664 916 724 et
960 680 1096 738 sua,
1145 663 1220 727 ut
1265 659 1466 745 ajunt,
1515 659 1908 726 sentimenta
1940 660 2379 729 conflaverint.
2468 662 2766 729 Postremo

470 783 580 831 eos
626 764 811 846 ajunt
855 762 966 848 qui
1011 764 1152 829 luto
1185 769 1252 828 et
1283 784 1465 829 coeno
1498 766 1879 833 cori-Ollaria
1924 766 2038 836 illa
2084 767 2469 833 involverint
2505 774 2569 833 et
2597 767 2770 833 revol-

466 869 678 933 verint
722 868 1042 935 affirmare
1091 869 1349 949 solitos,
1397 870 1463 935 in
1513 870 1760 937 eisdem
1808 871 2405 956 conscriptionibus
2456 872 2609 937 nihil
2650 893 2771 937 con-

467 972 665 1039 tineri
709 972 793 1039 ab
840 972 1038 1058 alpha
1081 974 1165 1039 ad
1212 974 1264 1039 O
1303 976 1348 1054 ¹,
1377 974 1552 1060 quod
1604 998 1729 1041 non
1778 984 1976 1043 antea
2028 978 2095 1043 in
2144 977 2512 1051 defensione
2544 978 2773 1063 publica

468 1078 737 1145 «loannis
756 1078 1068 1145 Reuchlin
1095 1085 1323 1145 contra
1348 1080 1851 1149 calumniatores
1873 1104 2022 1149 suos
2048 1082 2477 1150 Colonienses
2496 1082 2776 1170 justifica·

471 1189 628 1277 tum,
675 1184 956 1251 solutum
1003 1190 1071 1251 et
1102 1185 1461 1252 resolutum
1494 1186 1741 1266 fuisset,
1791 1188 1963 1273 quod
2010 1188 2239 1256 lectori
2271 1190 2503 1275 cuique
2533 1189 2775 1256 lucidius

409 1364 417 1376 .
469 1289 676 1385 stellis
723 1290 1050 1371 claruerit,
1099 1291 1481 1359 Astarotum
1528 1292 1755 1378 itaque
1802 1316 2059 1379 semper
2106 1295 2378 1361 eandem
2425 1296 2777 1362 cantilenam

472 1417 592 1487 pro
611 1396 799 1482 ‘turpi
825 1417 945 1463 sua
975 1396 1491 1482 lingua'canere.
1553 1398 1689 1463 Hos
1736 1400 2010 1484 cauponi
2045 1421 2375 1467 sermones
2420 1401 2615 1467 fuisse
2657 1422 2777 1467 cum

471 1500 834 1585 hospitibus
867 1508 933 1568 ct
964 1503 1247 1571 convivis
1279 1503 1412 1569 suis
1447 1503 1758 1571 dixerunt
1788 1506 2171 1572 Philolaus
2142 1506 2365 1593 junior
2388 1514 2455 1574 et
2472 1506 2781 1573 Martanus

469 1628 663 1692 grave
726 1606 992 1674 nimium
1057 1614 1366 1692 putantes
1411 1608 1479 1674 in
1528 1632 1599 1675 re
1646 1615 1785 1675 tam
1832 1632 2041 1695 parva
2090 1618 2157 1678 et
2202 1613 2441 1699 puerili
2488 1620 2586 1680 tot
2628 1612 2779 1679 annis

470 1718 610 1783 tam
655 1712 964 1779 ferociter
1015 1713 1381 1799 digladiari.

649 1818 890 1901 Habes,
945 1820 1357 1891 sanctissime
1391 1820 1523 1886 Leo
1572 1820 1819 1887 decime
1844 1822 1885 1903 ²,
1934 1844 1975 1889 a
2006 1822 2361 1909 Capnione
2384 1823 2610 1891 humili
2630 1842 2779 1889 servo

468 1906 584 1992 tuo
632 1923 811 1994 brevi
861 1926 1244 2010 compendio
1291 1926 1607 1993 recitatas
1654 1928 1721 1992 in
1786 1929 2137 2013 symbolica
2185 1930 2567 2017 Pythagoras
2611 1930 2783 2017 philo-

472 2028 700 2116 sophia
745 2036 813 2097 et
858 2031 1104 2098 oabalee
1135 2033 1504 2117 sapientum
1540 2042 1831 2099 veterum
1863 2035 2197 2120 opiniones
2228 2043 2429 2122 atque
2464 2035 2781 2103 sententias

474 2136 685 2221 exigui
765 2136 919 2203 licet
987 2138 1270 2219 numeri,
1351 2143 1568 2203 tamen
1646 2161 1789 2225 quae
1863 2141 2169 2207 studiosis
2244 2142 2453 2230 multo
2546 2141 2783 2227 amplius

472 2242 796 2339 cogitandi
835 2261 914 2307 ac
960 2242 1388 2329 investigandi
1432 2265 1657 2310 ansam
1706 2245 2059 2331 praebeant.
2122 2248 2218 2314 De
2262 2248 2502 2334 quibus
2532 2270 2655 2333 ego
2682 2265 2784 2311 me·

473 2329 760 2445 diocris'
740 2347 981 2433 lngenii
1027 2355 1094 2414 et
1124 2350 1388 2415 minutae
1432 2349 1799 2434 prudentiae
1842 2350 2033 2418 homo
2068 2352 2226 2419 nihil
2261 2353 2565 2439 judicare
2591 2353 2784 2429 ausim,

475 2442 596 2543 nec
642 2475 798 2521 sane
871 2452 1270 2539 judicavero.
1376 2456 1505 2522 Sed
1567 2462 1777 2524 totum
1842 2456 2013 2524 hunc
2058 2457 2298 2525 librum
2358 2466 2495 2527 tuae
2552 2456 2784 2544 subjicio

472 2538 894 2641 authoritati,
977 2562 1162 2646 cujus
1237 2562 1303 2626 in
1381 2562 1729 2629 arbitrium
1805 2564 2049 2631 collata
2124 2571 2226 2631 est
2314 2568 2514 2633 totius
2597 2560 2783 2631 mundi

473 2686 779 2757 censura,
841 2672 917 2734 ut
971 2688 1114 2752 quae
1161 2666 1551 2751 displiceant
1609 2670 1867 2754 rejicias
1924 2677 1991 2741 et
2036 2677 2175 2737 tum
2230 2670 2533 2739 laetabor
2586 2676 2784 2738 caetera

470 2770 814 2867 placuisse.
908 2770 1229 2839 Conatum
1291 2773 1462 2839 hunc
1536 2781 1713 2841 certe
1782 2798 1997 2843 meum
2072 2799 2268 2862 quem
2339 2784 2412 2845 et
2482 2776 2677 2844 nostri
2736 2777 2783 2837 et

470 2876 842 2966 reipublicae
919 2901 1117 2945 causa
1175 2880 1542 2965 suscepisse
1590 2902 1692 2946 me
1741 2887 1928 2965 potes
1977 2882 2382 2963 existimare,
2450 2882 2648 2949 videri
2689 2876 2783 2943 tibi

471 2971 600 3051 non
661 2983 853 3073 plane
914 2985 1279 3070 improbum
1345 2985 1631 3067 confido,
1694 2993 1831 3052 tum
1892 2987 2065 3073 quod
2122 2988 2337 3055 aliena
2406 3011 2554 3055 meo
2597 2986 2784 3053 labore

471 3093 712 3181 nostris
756 3098 1029 3176 pateant
1059 3098 1198 3157 tum
1246 3092 1419 3177 quod
1465 3092 1588 3158 hoc
1632 3090 1930 3158 semestri
1974 3092 2265 3177 legendis
2321 3094 2456 3168 illis
2512 3095 2578 3160 id
2638 3091 2785 3179 quin·

473 3190 729 3289 quenne
759 3198 1000 3265 bellum
1043 3198 1220 3283 quod
1251 3198 1597 3264 adversum
1632 3220 1734 3263 me
1769 3199 1991 3266 hostes
2021 3202 2149 3265 mei
2181 3207 2246 3267 te
2290 3201 2538 3269 sciente
2569 3199 2784 3284 gerunt,

474 3304 531 3391 s'i
577 3304 835 3370 omnino
891 3302 1206 3391 nequibat
1263 3304 1454 3370 vitari
1502 3312 1573 3370 at
1632 3303 1851 3370 levare
1903 3307 2288 3387 studuerim,
2337 3313 2479 3373 tum
2527 3305 2783 3388 denique,

471 3394 549 3478 ut
609 3417 678 3476 et
731 3432 1022 3477 meorum
1085 3417 1259 3477 esset
1317 3411 1493 3497 apud
1549 3418 1614 3477 te
1686 3411 1933 3497 aliquid
1998 3434 2124 3498 quo
2182 3412 2270 3479 sit
2334 3409 2785 3479 benevolentior

471 3508 783 3605 memoria
813 3518 1019 3583 nostri
1065 3524 1196 3599 tua,
1244 3518 1508 3603 quoties
1555 3524 1900 3601 paternum
1954 3538 2107 3603 erga
2152 3539 2255 3585 me
2302 3520 2589 3585 animum
2633 3524 2783 3582 tuam

473 3620 772 3709 frangere
822 3644 899 3689 ac
945 3630 1241 3690 avertere
1287 3622 1531 3690 inimici
1577 3622 1947 3689 moliuntur.

485 3740 492 3745 ’
652 3728 796 3795 Non
855 3729 1024 3795 enim
1069 3728 1527 3812 intermittunt,
1562 3730 1726 3809 scio,
1780 3729 2089 3814 quotidie,
2148 3730 2433 3796 susurris
2491 3732 2781 3795 attentare

471 3828 616 3937 pias
662 3844 855 3901 ‘aures
901 3841 1069 3917 tuas,
1114 3835 1308 3902 modo
1338 3858 1459 3921 per
1489 3840 1877 3921 proxenetas
1923 3834 2391 3917 conducticios‚
2461 3834 2645 3902 modo
2686 3848 2781 3916 per

431 3924 825 4028 epistolas,
891 3948 966 4008 ut
1030 3963 1191 4027 quas
1251 3942 1336 4007 ad
1400 3950 1466 4008 te
1527 3940 1819 4027 proxime
1888 3945 1967 4005 14
2029 3940 2299 4007 Kalend.
2364 3940 2668 4009 Octobres
2719 3952 2783 3999 ex

473 4048 832 4137 Agrippina
877 4046 1144 4114 Colonia
1190 4047 1428 4114 datas⁸
1473 4070 1680 4133 nuper
1723 4048 1867 4131 legi,
1914 4066 2191 4132 quarum
2221 4047 2415 4114 simul
2459 4062 2604 4113 cum
2644 4040 2781 4109 falsa

485 4158 492 4167 ”
1618 4158 1657 4193 ⁴(-

631 4233 651 4276 1
693 4223 776 4279 Ab
825 4242 858 4277 α
905 4225 973 4277 aa
1018 4244 1061 4277 ω
1110 4230 1159 4279 a.
1211 4228 1259 4278 5.
1409 4230 1438 4275 2
1481 4226 1579 4277 Miz
1616 4224 1707 4276 der
1743 4210 2061 4277 abemohri‘ft
2102 4224 2313 4277 asom
2350 4226 2395 4278 x
2428 4226 2439 4293 1
2470 4218 2707 4277 cArmo
2740 4216 2778 4264 ³.

477 4312 694 4374 LEONI
721 4314 768 4365 X
808 4314 1170 4367 PON'mmcl
1199 4316 1210 4379 Ι
1243 4314 1522 4366 CAPNIO.
1548 4318 1601 4366 ὅ.
1676 4314 1815 4365 LEO
1844 4314 2107 4365 DECIME
2152 4319 2197 4364 1.
2340 4317 2371 4365 3
2412 4308 2528 4380 Ῡὲῑ.
2557 4306 2779 4369 Bocking,

477 4401 670 4467 suppl„
711 4402 814 4453 vol.
856 4403 920 4464 11,
959 4420 1002 4454 s.
1048 4406 1162 4467 140,
1201 4404 1286 4453 ein
1325 4402 1475 4468 brief,
1515 4403 1681 4453 durch
1718 4402 1817 4453 den
1858 4402 1951 4453 der
1987 4409 2143 4471 papst
2181 4420 2273 4454 zur
2300 4400 2677 4466 verm-tlieilung
2706 4392 2781 4441 der

479 4489 1060 4545 dunlzelnniliiiierbi·icfc
1111 4492 1215 4541 und
1267 4492 1356 4543 der
1393 4490 1819 4545 reuchlinischen
1858 4492 2015 4545 sache
2068 4492 2359 4545 veranlasst
2396 4490 2597 4544 werden
2630 4482 2774 4565 sollte·
