2950 5042
1273 405 1354 474 71

191 591 456 660 ciationis
517 592 896 662 divisionem
939 593 1196 662 admitti
1216 645 1232 676 ,
1289 602 1599 664 manente
1664 595 2045 684 diphthongi
2104 603 2496 688 quantitate,

191 707 254 765 ut
305 699 684 768 Ptolemaeus
735 703 1114 786 Euergetes,
1165 702 1462 770 Bacchus
1524 703 1724 772 Euius
1754 705 1794 768 ¹.
1899 705 1987 772 Et
2046 706 2353 792 Virgilius
2424 711 2491 779 in

189 811 389 872 octavo
410 807 572 874 Tum
594 813 787 892 pater
817 807 1162 876 Euandrus
1194 808 1498 876 dextram
1530 809 1903 896 complexus
1934 814 2149 880 euntis
2176 814 2218 880 ¹.
2260 815 2445 882 Haud
2468 817 2497 858 ⁸

190 933 350 978 secus
391 919 588 998 atque
633 914 700 980 in
747 935 834 980 au
863 913 1261 999 diphthongo
1301 914 1607 982 accidere
1639 915 1909 998 assolet,
1956 923 2063 985 ut:
2111 918 2355 1005 gaudeo
2386 943 2495 1007 ga-

192 1018 354 1099 visus,
399 1024 466 1085 et
511 1041 546 1084 e
586 1020 914 1086 contrario
959 1019 1116 1102 avis,
1164 1041 1427 1106 auceps.

338 1125 499 1203 Quid
560 1132 784 1192 autem
843 1147 1040 1210 super
1085 1125 1600 1212 metamorphosi
1662 1129 1959 1210 sentiam,
2020 1153 2276 1218 quoque
2322 1132 2491 1202 tales

191 1229 468 1298 dictiones
515 1237 800 1298 accentu
845 1231 1258 1316 pronunciari
1293 1232 1597 1314 debeant,
1646 1240 1821 1300 certe
1852 1235 2240 1320 permultum
2276 1237 2493 1319 refert,

189 1357 366 1418 graeca
405 1337 611 1404 latine
660 1336 818 1403 velis
867 1337 1080 1404 dicere
1127 1359 1210 1404 an
1257 1359 1489 1423 graece.
1564 1337 1733 1404 Nam
1765 1340 1820 1406 si
1851 1345 2069 1424 togam
2102 1342 2195 1408 eis
2222 1343 2491 1410 latinam

191 1441 398 1523 induas,
445 1463 723 1510 romana
771 1443 1124 1509 servabunt
1169 1451 1530 1530 proecepta,
1582 1451 1657 1510 ut
1702 1445 1933 1530 quibus
1978 1446 2193 1514 brevis
2240 1454 2341 1515 est
2384 1471 2494 1534 pe-

192 1548 437 1629 nultima,
499 1549 612 1615 his
660 1555 892 1615 acutus
952 1549 1020 1614 in
1075 1548 1655 1636 antepenultimam
1704 1549 1901 1616 cadat
1944 1559 2269 1634 accentus,
2314 1553 2493 1622 velut

195 1652 298 1720 haec
335 1655 676 1722 Dordthea
712 1656 741 1694 ⁴
784 1655 974 1740 hujus
1021 1654 1392 1736 Dor6theae,
1439 1655 1547 1722 hic
1594 1655 2001 1739 Tim6theus,
2046 1657 2235 1744 hujus
2280 1657 2492 1726 Tim6-

205 1758 314 1839 thei,
345 1761 444 1827 hic
495 1760 828 1842 Socrates,
875 1760 1060 1846 hujus
1111 1760 1418 1842 Sdcratis,
1461 1761 1567 1828 hic
1596 1761 2050 1847 Hippocrates,
2096 1763 2285 1849 hujus
2332 1765 2489 1850 Hip—

199 1863 444 1947 pticratis,
491 1867 611 1933 hic
645 1866 1048 1948 Aristoteles,
1093 1867 1286 1952 hujus
1323 1865 1713 1948 Arist6telis,
1758 1867 1864 1934 hic
1897 1869 2268 1951 Praxiteles,
2300 1869 2489 1956 hujus

193 1968 510 2040 Praxitelis.
615 1973 824 2038 Aliter
870 1973 1038 2038 enim
1085 1993 1162 2038 ea
1210 1973 1263 2038 si
1310 1993 1517 2056 graece
1564 1972 1858 2057 proferas
1888 1973 2245 2058 penultima
2277 1978 2491 2044 veniet

189 2074 422 2144 elevata:
471 2080 622 2144 haec
669 2077 1002 2144 Dorothea
1047 2078 1238 2163 hujus
1285 2077 1669 2158 Dorotheas,
1714 2077 1821 2144 hic
1863 2079 2253 2160 Timotheus,
2298 2080 2488 2166 hujus

187 2180 508 2265 Timotheu,
548 2185 650 2250 hic
683 2183 969 2250 Socratis
1009 2183 1053 2264 ⁶,
1112 2183 1304 2268 hujus
1339 2182 1667 2264 Socratus,
1696 2184 1800 2251 hic
1829 2185 2267 2270 Hippocratis,
2298 2187 2489 2272 hujus

182 2286 629 2372 Hippocratae,
697 2289 802 2356 hic
862 2289 1274 2370 Aristotelis,
1333 2289 1525 2373 hujus
1586 2288 1999 2358 Aristotelus.
2102 2292 2175 2356 In
2251 2290 2486 2376 quibus

181 2413 305 2459 vero
359 2395 727 2482 penultima
783 2395 1030 2481 syllaba
1090 2397 1428 2480 reperitur
1488 2395 1711 2480 longa,
1770 2417 1849 2462 ea
1906 2396 1961 2464 si
2022 2417 2230 2481 graeco
2286 2397 2485 2481 pallio

179 2501 370 2584 cupias
414 2503 673 2582 ornari,
721 2501 1076 2587 spectanda
1121 2502 1339 2568 veniet
1387 2501 1617 2568 ultima
1662 2501 1940 2587 syllaba,
2006 2525 2148 2588 quse
2194 2503 2251 2569 si
2295 2502 2487 2587 longa

175 2603 366 2688 fuerit,
440 2614 752 2674 accentus
813 2608 1210 2674 exaltabitur
1264 2607 1332 2672 in
1390 2607 1765 2692 penultima.
1874 2607 1981 2673 Sin
2042 2629 2187 2674 vero
2252 2607 2483 2690 brevis,

175 2709 426 2779 levanda
475 2717 577 2780 est
621 2719 813 2779 acuto
862 2735 1018 2780 sono
1065 2713 1582 2797 antepenultima
1632 2718 1699 2778 et
1743 2712 1840 2778 ita
1885 2712 1949 2778 in
1996 2711 2350 2798 barytonis.

324 2821 423 2885 De
471 2819 746 2885 historia
793 2825 859 2885 et
905 2819 1152 2904 sophia,
1198 2819 1366 2886 sicut
1412 2815 1493 2884 de
1540 2818 1731 2902 papia
1776 2825 1844 2884 et
1882 2817 2287 2902 philosophia
2316 2841 2485 2885 com-

175 2942 406 2990 munem
475 2946 663 2990 usum
737 2946 877 2990 esse
939 2924 1481 2991 considerandum
1545 2923 1915 2990 Priscianus
1973 2923 2411 2991 Caesariensis
2456 2924 2482 2964 ⁶

174 3023 225 3091 in
264 3029 424 3098 libro
485 3030 567 3096 de
623 3030 1001 3098 accentibus
1046 3031 1356 3116 praecipit.
1449 3030 1547 3094 Tu
1594 3050 1745 3095 vero
1794 3029 2083 3114 ejusdem
2132 3029 2481 3114 diligentur

176 3131 290 3218 lege
357 3143 756 3222 praeceptum
824 3137 891 3200 in
957 3135 1122 3202 libro
1198 3135 1485 3202 secundo
1547 3134 1709 3201 artis
1769 3136 2205 3214 grammaticae
2270 3137 2482 3223 capite

178 3247 376 3307 octavo
441 3242 522 3307 de
578 3243 944 3326 possessivo
995 3243 1039 3321 ⁷,
1109 3242 1220 3308 ubi
1285 3241 1497 3308 tradit
1550 3239 1618 3305 in
1680 3239 1914 3326 quibus
1976 3241 1999 3305 i
2057 3242 2481 3326 penultimam

179 3364 376 3428 puram
410 3347 770 3428 producant
810 3346 1105 3414 Romani.
1197 3349 1522 3414 Caeterum
1572 3366 1715 3430 quae
1760 3346 2180 3431 penultimam
2226 3348 2481 3432 longam

183 3455 520 3535 quantitate
566 3454 846 3534 habent,
893 3475 1038 3520 eam
1097 3473 1371 3549 semper.
1414 3453 1703 3532 elevant,
1760 3451 1885 3518 nisi
1945 3451 2032 3517 sit
2078 3453 2103 3490 ⁸
2166 3453 2481 3538 quaedam,

192 3633 392 3686 etdebet
435 3650 468 3685 a
505 3634 557 3682 in
598 3631 829 3683 secunda
865 3631 1075 3698 syllaba
1112 3571 1380 3684 sonarefff.
1419 3638 1553 3682 teste
1588 3631 1797 3682 Joanne
1838 3629 2125 3681 Phorcensi
2174 3636 2225 3680 et
2265 3629 2481 3682 Bebelio

188 3719 235 3782 (D
263 3725 354 3790 3⁵).
431 3725 544 3774 Aus
591 3723 682 3772 der
727 3721 916 3772 schrift
953 3723 1012 3771 In
1061 3721 1232 3772 Horas
1271 3718 1454 3772 emicas
1495 3718 1726 3770 Illustris
1766 3717 2053 3784 (Rodolphi
2090 3717 2280 3783 Langij
2322 3725 2478 3786 poete

183 3807 394 3862 Laureati
443 3810 768 3861 ornatissimi
820 3810 979 3876 expla
1009 3810 1018 3876 Ι
1051 3810 1198 3861 natio
1254 3810 1410 3862 Petri.
1461 3825 1515 3859 n.
1570 3807 1876 3874 Drolshagij
1930 3807 2015 3871 (11
2079 3807 2288 3872 zeilen).
2376 3808 2477 3860 Am

178 3899 304 3950 ende:
341 3899 487 3951 Finis
514 3916 608 3966 per
646 3915 726 3949 me
750 3897 1068 3950 Richardum
1093 3900 1289 3965 pafrset.
1351 3899 1506 3949 Anno
1545 3897 1629 3948 dei
1654 3894 2039 3947 M.ccccc.V.
2080 3894 2285 3947 decima
2323 3903 2474 3948 sexta

179 3985 364 4053 Aprilis.
441 3989 484 4038 A
532 3990 564 4038 8
601 3988 642 4040 B
682 3994 710 4038 4
751 3988 792 4039 C
833 3990 862 4038 6
907 3989 950 4037 D
991 3992 1023 4038 4
1061 3988 1156 4038 bll.
1194 3989 1267 4038 4⁰.
1341 3988 1442 4038 Die
1480 3986 1639 4037 letzte
1679 3985 1811 4035 scite
1848 3985 1919 4035 ist
1954 3984 2083 4036 leet.

312 4079 677 4144 murgam,
731 4075 924 4138 avias,
983 4075 1282 4127 Evandrus!
1337 4080 1387 4128 4.
1535 4080 1563 4125 2
1620 4074 1789 4140 virgil
1844 4060 2008 4125 Kneis
2061 4074 2204 4138 vm,
2258 4091 2305 4124 v.
2355 4075 2479 4126 sss.

181 4165 206 4210 3
239 4164 380 4216 Hand
423 4170 468 4218 1.
617 4168 651 4213 4
693 4164 960 4215 Dorothea
1009 4163 1116 4214 und
1163 4164 1304 4216 allen
1351 4163 1636 4230 folgenden
1689 4168 1884 4213 werten
1934 4167 2151 4214 nocente
2190 4163 2389 4232 ausgel.
2430 4167 2479 4214 4.

179 4251 206 4298 5
236 4253 368 4306 Nach
416 4253 508 4306 der
560 4253 880 4319 aussprache
927 4252 1018 4303 des
1068 4271 1100 4317 η
1137 4273 1207 4296 =
1247 4270 1260 4303 ι
1311 4252 1418 4319 vgl.
1471 4251 1730 4303 Reuchlin
1782 4267 1823 4302 s.
1884 4253 1979 4302 102
2030 4265 2073 4303 a.
2114 4256 2161 4303 2.
2309 4255 2339 4306 6
2379 4253 2480 4304 Die

179 4341 480 4394 sahlreichen
522 4341 795 4409 ausgaben
840 4340 1012 4392 dieser
1059 4339 1454 4392 verbreitetsteu
1494 4338 1809 4407 grammatik
1844 4354 1888 4390 s.
1927 4338 2014 4392 bei
2054 4340 2221 4403 Hain,
2266 4341 2477 4407 Repert-

177 4426 286 4479 bibl.
307 4432 373 4481 1v
409 4447 446 4482 s.
497 4431 598 4482 153
637 4429 722 4479 bis
763 4431 879 4482 156.
955 4429 1153 4480 Unsere
1192 4429 1344 4480 stelle
1378 4430 1430 4478 in
1473 4428 1563 4478 der
1603 4443 1749 4494 ausg.
1791 4444 1841 4478 ν.
1867 4426 2032 4478 Krehl
2073 4426 2231 4496 (Opp.
2262 4428 2475 4497 Priscu).

176 4514 312 4590 Lng.
356 4522 508 4590 1819,
546 4517 584 4592 Ι,
626 4535 666 4570 s.
709 4520 774 4572 86
812 4518 898 4577 bis
935 4520 1020 4570 91.
1133 4523 1159 4574 7
1203 4518 1571 4596 depossessivo
1612 4521 1661 4569 4.
1771 4519 1801 4570 8
1846 4517 1907 4572 fit
1944 4520 1992 4575 4,
