2950 5042
1288 405 1419 472 355

326 680 732 746 (neukendorfv
765 683 803 750 ·)
1162 595 1539 666 maxum
2018 689 2083 737 10
2117 686 2250 740 xcv.
2298 687 2449 740 1⁶02.

182 787 381 864 Aldo
440 785 778 862 Manutio
834 788 1211 886 Romane,
1272 791 1351 867 in
1398 791 1578 894 ipsis
1631 791 1864 867 tribus
1917 791 2192 892 linguis
2219 791 2522 894 peritis·

404 910 591 986 simo
630 937 762 985 suo
802 937 890 987 ac
924 914 1363 1016 praeceptori
1401 941 1690 1017 semper
1727 913 2193 990 observando
2233 913 2285 988 ⁸.

356 1074 640 1142 Jo'annes
672 1076 987 1143 Reuchlin
1021 1075 1049 1116 ⁸
1086 1078 1465 1164 phorcensis
1509 1079 1674 1147 Aldo
1708 1079 2004 1146 Manutio
2037 1080 2326 1147 Romano
2360 1079 2421 1147 S.
2454 1081 2515 1147 d.

360 1178 668 1248 Oblector
712 1203 813 1248 me
873 1182 1221 1269 plurimum
1279 1186 1588 1252 familiari
1645 1185 2133 1252 conversatione
2191 1191 2338 1265 tua,
2401 1204 2522 1253 nec

183 1292 307 1366 est,
357 1286 551 1353 crede
599 1287 786 1369 mihi,
841 1310 883 1355 a
926 1291 1204 1358 veritate
1251 1291 1533 1358 alienum
1582 1289 1755 1377 quod
1803 1297 1952 1357 tuas
1995 1290 2135 1374 ipse
2181 1289 2408 1357 literas
2453 1291 2522 1356 in

176 1392 478 1476 jocalium
521 1415 811 1462 meorum
860 1394 1109 1461 deliciis
1154 1396 1383 1463 habeo.
1462 1397 1631 1462 Sane
1679 1396 1894 1462 omnia
1942 1395 2106 1462 bene
2153 1395 2331 1467 olent
2375 1417 2520 1482 quae

182 1499 296 1565 abs
339 1503 407 1564 te
454 1497 969 1584 proficiscuntur,
1015 1502 1110 1567 ita
1150 1507 1225 1568 ut
1266 1502 1512 1569 relictis
1547 1502 1795 1569 nostris
1841 1500 2210 1586 bibliopolis
2255 1501 2521 1568 beatum

182 1625 282 1670 me
341 1603 478 1671 fore
536 1612 757 1690 putem
815 1607 869 1672 si
924 1613 1038 1673 tua
1096 1630 1177 1674 ex
1233 1609 1374 1694 ipso
1431 1615 1497 1674 te
1547 1607 1879 1693 accipiam.
1973 1606 2185 1686 Quare
2231 1607 2382 1673 huic
2426 1608 2522 1674 fa·

180 1709 416 1775 miliari
462 1731 615 1792 meo,
653 1711 951 1778 redeunti
979 1711 1008 1752 ⁴
1055 1713 1139 1780 ad
1183 1720 1251 1780 te
1299 1714 1469 1781 istuc
1515 1715 1580 1780 in
1613 1712 1940 1780 mandatis
1984 1712 2155 1793 dedi,
2204 1721 2276 1779 ut
2319 1713 2520 1780 libros

180 1816 431 1902 aliquot
475 1818 708 1903 quibus
755 1839 947 1886 careo
994 1819 1082 1885 ad
1128 1841 1230 1885 me
1276 1819 1697 1904 perferendos
1745 1819 1826 1884 de
1871 1825 1936 1884 te
1984 1829 2218 1899 sumat,
2273 1824 2517 1905 quanto

182 1927 382 2006 queat
426 1924 712 2003 minoris,
760 1926 1119 2009 praesertim
1166 1945 1436 2011 graecos3
1486 1947 1633 1990 nam
1674 1924 1912 1990 latinos
1955 1923 2148 1990 facile
2190 1945 2230 1990 a
2277 1923 2520 1991 nostris

181 2049 389 2094 emam
469 2028 660 2114 plane
728 2031 1145 2116 paucioribus
1208 2033 1503 2097 nummis.
1599 2030 1875 2116 Reliqua
1937 2046 2090 2097 vero
2157 2037 2309 2097 sunt
2374 2049 2517 2117 qun

178 2135 405 2200 mittas
470 2135 795 2202 volumina
854 2157 995 2204 oro:
1060 2136 1324 2204 Suidam
1385 2143 1460 2202 ut
1515 2137 1838 2222 polliceris
1889 2136 1934 2218 ⁵,
1991 2137 2147 2202 item
2211 2135 2532 2221 epistolae

178 2259 445 2321 graecas,
491 2241 645 2306 item
695 2242 1173 2322 Dioscoridem‚
1235 2243 1391 2309 item
1441 2241 1842 2328 Simplicium
1885 2241 1952 2306 in
1999 2242 2525 2328 predicamenta,

177 2345 336 2410 item
385 2345 769 2432 Gregorium
816 2348 1311 2430 Nazianzenum,
1358 2349 1514 2415 item
1563 2349 1879 2428 Nonnnm,
1933 2348 2089 2414 item
2139 2347 2519 2433 Sophoclem

178 2451 338 2517 item
395 2459 546 2519 ante
606 2455 821 2520 omnia
866 2454 1299 2535 Herodotum,
1360 2456 1518 2521 item
1576 2476 1770 2521 unum
1830 2477 1864 2520 e
1922 2454 2143 2521 latinis
2192 2453 2519 2520 Valerium

176 2557 537 2624 Maximum
585 2559 792 2626 literis
838 2560 1057 2644 parvis
1108 2561 1150 2624 ⁶.
1242 2559 1497 2626 Caetera
1544 2561 1712 2625 enim
1759 2557 1969 2625 habeo
2014 2560 2154 2644 ipse
2201 2579 2337 2642 ego.
2429 2557 2517 2622 At

174 2685 331 2729 vero
389 2685 545 2748 erga
597 2686 700 2730 me
762 2665 970 2731 utaris
1028 2666 1223 2732 velim
1284 2688 1409 2733 non
1468 2667 1936 2733 auctionatoris
1997 2664 2112 2731 sed
2170 2663 2363 2730 amici
2423 2661 2517 2727 of·

172 2767 323 2835 ficio
344 2819 359 2849 ,
418 2791 499 2835 ne
562 2771 719 2836 mihi
775 2770 1147 2856 pudendum
1207 2771 1295 2838 sit
1353 2793 1394 2836 a
1455 2772 1668 2837 tenuis
1714 2777 2102 2836 mercaturae
2147 2767 2518 2836 hominibus

172 2877 389 2942 viliori
426 2897 617 2962 posse
664 2875 940 2962 adipisci
987 2897 1182 2963 quam
1229 2875 1349 2943 abs
1380 2883 1465 2958 te,
1514 2885 1649 2942 tam
1696 2875 1936 2940 illustri
1984 2883 2364 2942 mercatore.
2443 2873 2518 2940 Id

172 2989 400 3048 autem
450 2983 506 3048 si
561 2984 812 3048 nescias
870 2983 1084 3050 aemuli
1143 2983 1363 3069 plures
1423 2983 1581 3048 mihi
1634 2981 1997 3066 impingunt
2046 2980 2089 3042 ⁷.
2184 2980 2384 3060 Cura,
2445 2986 2520 3045 ut

174 3089 345 3154 bene
406 3076 658 3168 valeas,
723 3111 760 3155 o
822 3089 1193 3176 reipublicae
1253 3089 1559 3156 literariae
1619 3092 1810 3174 pater
1862 3092 2181 3173 patratus.
2273 3087 2519 3152 Iterum

175 3215 377 3280 quam
436 3195 677 3280 optime
735 3195 953 3262 valeas
1008 3197 1087 3261 Ι).
1146 3196 1218 3264 Ο.
1279 3196 1363 3262 Μ.
1421 3218 1555 3262 oro.
1646 3195 1747 3262 Ex
1798 3194 2080 3260 Heremo
2140 3192 2349 3285 sancti
2396 3191 2521 3258 Do—

173 3300 401 3366 minici
448 3300 809 3385 Sepulchri,
872 3301 985 3368 ubi
1039 3295 1239 3368 lateo*
1273 3323 1441 3368 nunc
1499 3301 1787 3385 fugitans
1840 3298 2235 3386 pestilitatis.
2329 3295 2518 3364 Solus

174 3405 577 3473 anachoreta
630 3413 698 3473 et
753 3407 943 3473 simul
1004 3407 1277 3474 absente
1336 3405 1735 3474 bibliotheca
1791 3426 1965 3486 mea,
2029 3411 2070 3470 4
2113 3403 2200 3470 id.
2247 3401 2522 3471 Novem·

174 3512 348 3592 bris,
405 3533 573 3578 anno
630 3517 817 3578 1502.

1476 3601 1762 3668 Joannes
1806 3601 1900 3681 R„
1948 3599 2073 3668 LL.
2122 3599 2352 3667 doctor
2383 3597 2444 3666 ⁸:

360 3712 603 3788 Autogr.
635 3713 740 3771 mit
759 3711 1075 3772 ausnabme
1096 3713 1201 3772 der
1227 3711 1489 3784 adresse3
1518 3712 1625 3771 wol
1651 3710 1980 3771 erhaltenes
2006 3709 2318 3784 folioblatt3
2345 3715 2519 3770 etwas

175 3837 293 3880 von
323 3819 457 3878 dem
488 3817 799 3892 siegellack
830 3819 1121 3892 erhalten3
1168 3819 1307 3880 bibl.
1354 3817 1736 3894 ambrosiana,
1779 3816 1906 3876 cod.
1939 3815 1990 3875 E
2025 3817 2106 3876 36
2139 3813 2242 3876 inf.
2277 3814 2376 3876 fol.
2414 3819 2516 3876 27.

332 3997 355 4042 1
400 3997 450 4044 S.
490 4009 537 4044 o.
576 4008 688 4043 nro.
728 3991 995 4042 LXXXVI
1033 4009 1074 4042 ε.
1114 3994 1198 4042 80.
1336 3931 1376 4042 ξ
1417 3975 1543 4043 Ᾱᾶτ.
1591 3989 1923 4058 ausgeklebt3
1978 3988 2126 4041 nicht
2175 4005 2280 4040 von
2318 3988 2519 4059 Rpuch·

174 4080 285 4132 line
310 4079 490 4148 hand).
604 4085 635 4132 3
673 4079 1251 4146 Dariibergeschrieben
1279 4077 1506 4132 Καπνίων
1530 4079 1626 4132 mit
1663 4079 1870 4146 eigener
1895 4077 2048 4128 hand.
2174 4081 2207 4127 4
2245 4076 2396 4128 Etwa
2430 4075 2521 4130 der

178 4170 317 4220 oben
365 4184 404 4218 s.
448 4171 549 4220 353
584 4185 629 4218 a.
673 4173 701 4218 3
742 4165 1008 4218 erwahnte
1044 4169 1276 4218 Remus?
1423 4169 1455 4216 5
1482 4170 1556 4227 >111
1593 4167 1712 4220 dem
1747 4166 1887 4219 brief
1916 4181 2040 4216 vom
2084 4167 2146 4216 18
2185 4165 2322 4233 Aug.
2361 4166 2511 4231 (8.7’1

177 4274 297 4306 nro.
337 4257 649 4324 LXXXIII),
684 4257 783 4306 auf
814 4255 1045 4308 welchen
1083 4255 1173 4306 der
1208 4254 1425 4322 unsrige
1460 4254 1545 4306 die
1580 4261 1810 4307 antwort
1843 4253 1927 4306 ist.
2064 4256 2096 4306 6
2133 4253 2212 4305 lit.
2251 4268 2396 4320 parv.
2434 4268 2520 4304 am

176 4343 329 4396 rand.
443 4349 471 4395 7
510 4343 719 4396 Darauf
749 4342 991 4395 erwidert
1027 4343 1192 4394 Aldus
1229 4349 1389 4394 etwas
1425 4341 1681 4408 beleidigt
1717 4346 1785 4392 24
1826 4344 1948 4393 Dec.
1994 4344 2125 4392 1502
2176 4339 2332 4406 (oben
2367 4356 2410 4392 s.
2452 4342 2518 4392 79

176 4449 296 4483 nro.
332 4431 620 4498 Lxxxv).
771 4433 803 4482 8
839 4429 1281 4498 Darfibergeschr.
1319 4429 1550 4495 Ἰωαννῃς
1598 4427 1846 4499 Ῥευχλιν,
1882 4430 1976 4482 das
2030 4436 2164 4482 erste
2201 4437 2334 4480 wort
2369 4429 2526 4498 abge-

178 4519 359 4584 kin-at,
399 4518 492 4570 das
529 4533 695 4586 ganze
734 4518 829 4568 mit
866 4517 984 4570 sehr
1018 4517 1470 4586 verscblungenen
1509 4517 1852 4570 buohstaben.

1971 4609 2105 4667 23*
