2950 5042
1576 372 1665 436 44

465 565 669 630 rimus
727 563 1052 648 quondam
1110 567 1435 648 pugnator
1490 585 1634 628 cum
1692 563 1955 647 optimis
2010 563 2445 628 certatoribus
2504 563 2792 628 Pirithoo

466 671 772 756 Dryante,
821 669 1076 749 Coeneo,
1127 669 1538 753 Polypheme,
1586 669 1961 752 Theseoque
2016 669 2032 704 ¹
2083 688 2309 733 manus
2358 675 2792 734 conseruerat.

468 775 880 858 Quapropter
925 773 1096 840 idem
1143 775 1206 838 in
1257 775 1544 838 exercitu
1591 774 1736 858 plus
1784 774 2036 838 caeteris
2070 778 2137 838 et
2168 773 2431 838 consilio
2478 773 2685 838 valuit
2731 779 2795 837 et

465 879 804 964 sapientia.
870 878 1158 963 Cumque
1191 880 1424 943 iterum
1459 879 1543 942 ad
1576 879 1831 963 Trojam
1866 899 2134 962 magnus
2165 879 2463 944 mittetur
2493 878 2796 958 Achilles,

463 985 700 1050 iterum
732 1004 877 1049 mea
909 985 1236 1050 sententia
1266 984 1641 1048 consulendi
1668 990 1817 1049 sunt
1841 1005 1967 1049 non
1991 984 2300 1049 Thersitae
2326 985 2440 1049 sed
2464 983 2793 1051 Nestores.

640 1089 1038 1154 Admirabile
1083 1089 1446 1154 hominibus
1494 1089 1710 1154 videre
1756 1091 1972 1172 potuit
2030 1094 2095 1154 te
2154 1089 2351 1154 talem
2406 1090 2612 1156 virum
2659 1094 2793 1154 tam

464 1201 801 1260 strenuum
847 1194 1048 1260 armis
1095 1214 1298 1282 quam·
1337 1194 1544 1259 literis
1593 1195 1854 1260 doctum
1889 1215 1969 1259 ex
1998 1193 2108 1258 illo
2143 1195 2503 1260 Dmoadum
2538 1196 2563 1234 ²
2594 1215 2794 1280 pyrgo

463 1301 531 1365 id
600 1306 700 1365 est
762 1299 1122 1384 puellarum
1183 1320 1354 1378 arce,
1417 1320 1613 1383 quam
1683 1298 2028 1382 Maidburg
2090 1305 2322 1364 vocant
2384 1301 2795 1383 processisse,

466 1405 702 1489 (Graeci
747 1427 1002 1490 nanque
1051 1405 1378 1470 Dmoadas
1412 1405 1747 1489 appellant
1778 1403 2027 1488 puellas
2060 1404 2421 1484 ancillareS,
2469 1427 2635 1490 quas
2666 1427 2797 1470 ser-

464 1533 650 1576 mone
697 1509 1040 1576 vernaculo
1086 1531 1206 1594 per
1251 1511 1612 1594 aphaeresin
1660 1532 1775 1576 seu
1831 1509 2081 1574 Endian
2128 1511 2339 1593 prima
2400 1510 2591 1575 litera
2650 1509 2797 1575 sub-

462 1617 598 1681 lata
630 1616 800 1681 Meid
836 1603 1122 1695 dicimus,
1171 1621 1238 1680 et
1266 1637 1513 1700 pyrgon
1545 1614 1835 1699 burgum,
1882 1613 2083 1679 veluti
2113 1636 2312 1698 pyxos
2347 1613 2603 1700 buxus.)
2668 1615 2797 1680 Ita-

465 1744 589 1806 que
646 1728 720 1786 ut
775 1721 1066 1800 redeam,
1133 1716 1515 1786 admirabile
1580 1722 1795 1804 potuit
1856 1720 2109 1785 senatui
2170 1719 2535 1804 populoque
2592 1719 2799 1785 videri

463 1826 659 1893 talem
707 1818 990 1910 legatum
1040 1825 1158 1892 abs
1206 1825 1487 1910 quadam
1532 1826 1895 1910 puellarum
1944 1825 2095 1890 aula
2141 1825 2407 1891 missum
2440 1846 2599 1904 esse,
2643 1847 2799 1910 qua-

465 1954 599 1996 rum
647 1933 861 1996 Venus
909 1932 994 1996 sit
1041 1931 1191 2011 dea,
1237 1919 1364 1997 non
1412 1933 1607 1997 Mars.
1702 1934 1788 1996 At
1834 1931 2198 1996 meminisse
2246 1929 2609 1995 debuerant
2655 1931 2799 1995 Bel-

465 2036 676 2100 lonam
724 2036 790 2100 in
838 2042 1055 2101 vatum
1102 2036 1381 2102 oraculis
1427 2059 1553 2102 uno
1603 2036 1998 2121 cognomime
2060 2034 2331 2100 Pallada
2378 2036 2799 2102 Minervalem

465 2141 617 2220 dici,
677 2142 851 2206 haud
899 2142 1036 2206 sine
1084 2141 1390 2225 prudenti
1435 2143 1770 2226 mysterio:
1834 2140 2007 2227 quod
2065 2142 2273 2219 virum
2320 2141 2553 2206 fortem
2600 2148 2800 2225 atque

465 2269 820 2332 pugnacem
879 2268 1005 2311 non
1052 2246 1258 2312 solum
1304 2246 1574 2316 robusto
1621 2270 1844 2313 verum
1904 2248 2099 2312 etiam
2160 2247 2335 2311 culto
2397 2267 2673 2330 corpore
2722 2268 2801 2312 ac

464 2359 678 2418 mente
726 2353 1086 2437 perspicaci
1133 2352 1363 2418 deceat
1407 2374 1568 2419 esse.
1660 2354 1737 2418 Id
1783 2360 1857 2419 tu
1904 2353 2067 2418 nolis
2114 2353 2303 2417 velim
2350 2352 2543 2417 aliter
2599 2361 2802 2436 atque

463 2459 604 2542 ipse
653 2459 964 2524 senserim
1010 2458 1306 2543 accipere
1353 2480 1471 2542 pro
1519 2459 1716 2523 animi
1766 2458 2014 2524 scilicet
2060 2459 2156 2523 tui
2194 2456 2485 2522 bonitate
2516 2456 2804 2522 liberali-

330 2626 348 2648 ,
465 2569 763 2648 tateque3
810 2567 1064 2628 tantum
1111 2571 1184 2629 ut
1231 2583 1581 2648 cognoscas
1628 2570 1857 2648 optare
1903 2585 2005 2629 me
2051 2563 2119 2626 in
2165 2562 2467 2628 amicitiae
2510 2569 2643 2628 tuae
2690 2584 2803 2646 pe-

453 2663 742 2735 'netralia
782 2690 1106 2735 secessum
1153 2669 1266 2734 ire.
1346 2669 1531 2748 Quod
1564 2670 1619 2734 si
1670 2669 2003 2752 rescriptis
2050 2668 2147 2732 tui
2195 2688 2454 2734 sensero
2504 2689 2621 2751 ego
2663 2668 2802 2752 qui-

466 2775 612 2841 dem
661 2780 836 2840 recte
884 2773 1130 2854 valebo,
1179 2780 1246 2839 et
1291 2775 1503 2858 tuipse
1554 2774 1991 2859 quamoptime
2033 2774 2252 2839 valeas
2298 2779 2470 2857 opto.
2548 2775 2648 2838 Ex
2678 2774 2802 2839 Tu-

468 2880 660 2963 binga
708 2879 929 2945 Idibus
976 2879 1152 2946 Julii.
1244 2880 1427 2947 Anno
1483 2887 1669 2946 1495.

651 2994 680 3047 1
727 2989 901 3049 ==C.
950 3005 1154 3049 v.e.c
1196 2984 1400 3062 de83
1451 2996 1489 3050 2
1535 2993 1793 3051 =J.v.
1841 2986 2232 3061 e.diibiiia;
2286 2993 2319 3049 3
2358 2989 2802 3049 =C.v.e.II

467 3095 565 3154 fol.
606 3099 736 3153 22³-
761 3088 823 3166 ὓς
878 3099 923 3172 4,
953 3117 1035 3148 =
1068 3096 1309 3171 Muller,
1359 3097 1907 3172 reichstagstheater
1936 3103 2109 3156 unter
2139 3097 2499 3156 Maximilian
2531 3098 2558 3154 I
2591 3113 2637 3155 s.
2678 3099 2795 3156 551

471 3202 598 3277 (mit
627 3201 908 3260 manchen
939 3201 1355 3262 willkurlichen
1388 3203 1805 3278 anderungen).

611 3463 918 3528 Tflbingen.'
1598 3375 1665 3440 L·
2310 3427 2375 3512 2'5
2412 3463 2447 3512 .J
2454 3461 2529 3512 uli
2576 3465 2731 3513 1495.

467 3559 518 3634 J
521 3586 794 3634 oannes
832 3558 1200 3634 Reuchlin
1235 3559 1669 3634 Phorcensis
1710 3559 1781 3636 S.
1825 3562 1913 3633 D.
1993 3560 2044 3635 J
2048 3559 2274 3633 oanni
2310 3585 2400 3631 ex
2437 3558 2672 3658 Lupis
2713 3558 2799 3632 de

466 3682 1024 3781 Hermansgriin
1055 3682 1134 3755 in
1163 3683 1775 3782 splendidissimis
1800 3683 2096 3783 Imperii
2124 3681 2440 3754 Romani
2470 3679 2797 3754 Comitus

832 3805 1033 3906 apud
1070 3805 1497 3905 Vangiones
1538 3806 1809 3880 oratori
1846 3801 2423 3903 Maidburgensi.

642 3969 725 4034 Ni
769 3969 1080 4034 memoria
1126 3975 1414 4041 tenerem
1465 3993 1500 4036 e
1547 3970 1716 4036 binis
1764 3971 1895 4035 tuis
1940 3969 2150 4034 literis
2191 3973 2513 4053 perpetua
2556 3989 2659 4032 me
2692 3967 2798 4032 ob-

465 4074 762 4138 strictum
807 4074 948 4156 lege
995 4096 1121 4140 non
1169 4060 1421 4142 tantum
1472 4076 1812 4160 diligendi,
1861 4097 2082 4140 verum
2132 4076 2329 4138 etiam
2375 4073 2639 4138 amandi
2684 4072 2797 4150 tui,

619 4281 634 4321 1
684 4274 799 4338 Vgl.
841 4275 961 4324 Ilias
1002 4277 1066 4338 11,
1107 4281 1206 4327 435
1245 4279 1295 4326 fl‘.
1337 4280 1422 4341 VI,
1462 4283 1527 4329 66
1566 4212 1659 4341 fiij.e
1680 4281 1787 4342 VII,
1820 4282 1915 4328 158
1944 4279 2013 4341 st„
2044 4278 2182 4338 VIII,
2223 4280 2287 4326 80
2318 4278 2368 4326 ff.
2402 4284 2501 4326 etc.
2641 4280 2668 4323 ‘2
2712 4274 2796 4322 Di-

469 4361 695 4411 noadum
745 4369 844 4412 etc.
886 4363 967 4413 fiir
1007 4365 1299 4415 Dmoadum
1341 4375 1440 4417 etc.
1488 4373 1529 4417 1.
1571 4373 1722 4417 unter
1760 4367 1857 4416 den
1911 4373 2079 4415 errata
2126 4380 2206 4414 am
2258 4363 2388 4414 ende
2427 4363 2519 4414 der
2571 4361 2794 4428 ausgabe

471 4449 764 4515 angefiibrt.
