2950 5042
1236 402 1364 473 271

313 724 392 791 Et
418 734 681 811 postero
716 726 818 793 die
854 726 1008 795 dum
1042 728 1122 797 de
1156 753 1334 798 more
1368 729 1745 809 induuntur,
1777 727 2027 794 interea
2047 727 2479 795 meminerunt

169 831 281 915 ejus
335 830 666 899 diversorii
752 834 1061 919 cauponis
1126 836 1326 903 verba
1403 834 1593 921 longa
1670 841 1737 901 et
1806 834 2017 916 varia,
2094 834 2331 920 quibus
2390 830 2478 899 ad

166 936 462 1004 hesternas
495 938 722 1025 epulas
744 939 1109 1025 hospitibus
1141 941 1547 1008 recensuerit
1571 938 1769 1007 fuisse
1802 939 2116 1026 quasdam
2149 938 2471 1025 superiori

167 1040 248 1107 die
303 1065 341 1108 a
391 1066 660 1111 romana
738 1046 919 1113 curia
979 1046 1507 1113 Francofordiam
1572 1046 1803 1111 missas
1867 1045 2343 1129 propositiones
2410 1049 2478 1112 et

165 1148 569 1216 conclusiones
651 1159 880 1218 contra
948 1150 1396 1219 inhibitionem
1473 1150 1913 1237 Apostolicam
1972 1148 2058 1215 ab
2120 1152 2429 1217 Astaroto
2454 1148 2475 1189 ¹

165 1255 407 1339 quodam
452 1254 642 1322 fictas
686 1264 772 1324 ,et
826 1258 1245 1325 concinnatas
1308 1257 1622 1323 adversus
1669 1255 1769 1323 Jo.
1832 1254 2140 1322 Reuchlin
2206 1263 2479 1342 propter

162 1360 328 1426 libros
378 1384 504 1428 non
577 1363 1050 1430 comburendos
1107 1366 1244 1448 jam
1301 1362 1447 1449 plus
1504 1361 1944 1447 quinquennio
1992 1362 2287 1429 crudeles
2331 1383 2481 1446 per·
2544 1376 2550 1385 '

163 1468 489 1535 secutiones
521 1468 902 1535 innocenter
949 1490 1026 1535 ac
1071 1469 1265 1535 simul
1312 1470 1527 1535 animo
1574 1468 1725 1533 forti
1776 1474 1843 1533 et
1883 1466 2163 1534 infracto
2208 1487 2481 1553 passum

161 1592 268 1653 prae
307 1573 558 1641 foribus
605 1574 940 1659 sapientiae
997 1596 1076 1641 ac
1133 1574 1528 1660 templorum
1592 1573 1930 1639 vestibulis
1980 1576 2199 1639 Romae
2246 1571 2477 1649 affixas

161 1684 213 1740 et
256 1699 393 1744 mox
453 1680 522 1743 in
591 1679 833 1758 lutum,
913 1688 1170 1747 stercus
1235 1689 1304 1746 et
1353 1701 1598 1745 caenum
1671 1678 1764 1745 ibi
1819 1681 2147 1765 projectas
2206 1685 2275 1745 et
2328 1700 2477 1745 con-

161 1782 414 1850 culcatas
449 1784 474 1823 ²
511 1784 716 1870 justis
765 1806 845 1851 ex
891 1786 1108 1853 causis
1171 1794 1318 1853 tum
1361 1787 1515 1870 quia
1560 1792 1800 1870 praeter
1848 1784 2092 1852 Summi
2140 1780 2477 1851 Pontificis

165 1888 528 1970 voluntaten,
565 1896 632 1955 et
656 1891 901 1976 absque
935 1892 1619 1958 reverendissimorum
1644 1890 1939 1977 judicum
1971 1890 2221 1971 notitia,
2256 1910 2478 1959 coram

161 1994 358 2076 quibus
391 2018 468 2061 ea
517 1996 600 2062 lis
647 2005 796 2081 post
826 1998 1115 2064 Astaroti
1163 1996 1670 2083 appellationem
1721 1988 2037 2062 hactenus
2084 1996 2365 2063 triennio
2409 1995 2478 2061 in

162 2096 321 2164 Curia
334 2101 660 2187 penderet
673 2102 804 2168 tale
838 2103 1089 2169 facinus
1107 2103 1773 2170 fuissetattentatum:
1810 2108 1947 2168 tum
1968 2102 2139 2187 quod
2161 2099 2477 2169 universis

162 2202 562 2274 innotesceret
595 2229 734 2274 eam
779 2208 1320 2294 conscriptionem
1353 2208 1783 2293 apertissimis
1817 2215 2077 2277 scatere
2112 2206 2476 2277 mendatiis.

300 2314 629 2399 Principio
678 2335 932 2401 nanque
991 2316 1282 2401 polliceri
1332 2316 1708 2380 Astarotum
1771 2314 1835 2379 in
1882 2314 2236 2400 praesentia
2282 2312 2477 2399 Papae

157 2418 569 2487 conclusiones
616 2441 726 2486 eas
773 2420 910 2489 fore
958 2420 1385 2507 disputandas
1449 2427 1517 2486 et
1562 2419 1809 2505 Papam
1856 2428 2075 2487 tamen
2124 2420 2477 2506 negavisse

151 2542 208 2587 ac
235 2534 395 2592 certe
427 2526 865 2612 prohibuisse,
899 2528 1202 2613 quoniam
1234 2528 1300 2592 in
1347 2526 1569 2591 multis
1604 2534 1831 2593 aestate
1868 2526 2165 2611 proxima
2195 2523 2473 2611 publicis

149 2628 332 2697 Romae
375 2633 782 2700 sessionibus
830 2634 1071 2700 habitis
1119 2655 1197 2699 ea
1243 2654 1445 2700 causa
1490 2632 1681 2717 plene
1729 2632 1959 2698 fuisset
2015 2631 2353 2716 disputata
2401 2628 2481 2695 et'

150 2732 405 2806 discussa
447 2761 671 2806 coram
707 2739 1094 2806 doctissimis
1126 2739 1347 2805 mundi
1398 2728 1769 2819 luminibus{
1802 2736 2088 2803 ecclesiae
2130 2734 2466 2802 catholicae

155 2844 426 2927 praelatis,
447 2843 1338 2931 archiepiscopiS,episcopie,
1361 2843 1770 2928 generalibus
1798 2843 2121 2923 ordinum,
2155 2849 2220 2908 et
2250 2860 2477 2908 eorum

153 2952 677 3032 procuratoribus,
699 2952 1217 3037 poenitentiariiS,
1246 2949 1643 3029 doctoribuS,
1668 2969 1900 3035 magno
1938 2969 2205 3015 numero
2230 2946 2477 3021 theolof

149 3053 245 3134 giae
263 3057 560 3143 jurisque
589 3056 998 3143 peritissimis
1028 3056 1202 3137 viris,
1238 3058 1348 3142 qui
1397 3055 1791 3139 Capnionem
1832 3075 1973 3123 esse
2006 3052 2475 3121 absolvendum

153 3157 586 3230 decrevissent.
635 3162 881 3229 Deinde
900 3163 1073 3249 quod
1095 3162 1515 3247 ignominiose
1553 3160 1939 3246 apellaverit
1964 3161 2223 3228 oculare
2244 3182 2477 3248 specu-¹

148 3262 249 3333 lum
271 3270 582 3337 scandala
605 3274 670 3335 et
693 3269 1080 3335 sententiam
1103 3290 1406 3335 erroneas
1432 3267 1881 3348 continentiaS,
1904 3290 2049 3333 cum
2074 3275 2290 3335 tamen
2308 3266 2477 3333 liber

151 3370 250 3438 iste
289 3376 371 3441 sit
406 3398 533 3461 per
575 3375 999 3461 apostolicam
1049 3376 1438 3441 sententiam
1469 3372 1806 3440 diffinitive
1850 3372 2189 3440 admissus.
2214 3373 2240 3412 ⁸
2313 3372 2477 3440 Tum

152 3478 321 3545 etiam
346 3482 525 3567 quod
549 3482 632 3547 de
666 3480 894 3547 eodem
923 3480 1090 3547 libro
1132 3482 1226 3547 ita
1252 3481 1607 3565 scripserit,
1635 3479 1809 3565 quod
1841 3480 1927 3545 sit
1948 3500 1989 3543 a
2030 3479 2311 3564 quinque
2338 3478 2477 3553 uni<

150 3586 541 3654 versitatibus
570 3587 814 3653 dudum
829 3588 963 3671 igni
997 3587 1319 3667 addictus,
1355 3608 1501 3672 quae
1524 3593 1660 3652 erte
1690 3591 1839 3652 sunt
1863 3606 2056 3651 merae
2082 3605 2265 3669 nugae
2296 3582 2477 3651 clara

154 3694 206 3752 et
243 3693 516 3760 candida
549 3694 892 3760 mendacia
935 3695 1090 3780 quia
1121 3692 1301 3759 nulla
1332 3693 1396 3757 in
1437 3692 1615 3773 omni,
1646 3698 1972 3758 terrarum
2023 3688 2179 3757 orbe
2228 3691 2315 3757 sit
2360 3694 2477 3757 aut

150 3792 320 3864 fuerit
350 3800 745 3868 universitas
781 3822 922 3886 quae
954 3800 1217 3866 oculare
1240 3798 1572 3882 speculum
1596 3798 2141 3873 condemnaverit,
2186 3796 2301 3863 sed
2333 3802 2477 3871 tan<

149 3903 266 3967 tum
290 3906 646 3991 singularia
668 3907 964 3992 quaedam
985 3906 1276 3991 capitosa
1298 3906 1515 3990 capita
1532 3906 1579 3985 4,
1612 3904 1999 3989 vertiginoso
2013 3902 2281 3970 cerebro
2296 3902 2476 3970 hete-

147 4008 319 4077 rolita
362 4020 430 4079 et
463 4013 697 4097 supino
731 4030 950 4079 errore
983 4012 1258 4097 decepta
1285 4008 1900 4077 conventiculariter
1932 4017 1997 4075 et
2036 4006 2472 4094 conspirativa

150 4122 353 4183 contra
403 4120 576 4204 juris
625 4125 692 4185 et
728 4119 1009 4204 justiicae
1069 4119 1344 4184 formam
1409 4118 1473 4183 in
1532 4114 1795 4183 oculare
1864 4117 2197 4201 speculum
2268 4113 2473 4182 livore

1287 4247 1324 4286 ὴ

281 4340 302 4387 1
345 4338 718 4390 Hoclistraten.
866 4344 893 4388 2
933 4336 1055 4405 Vgl.
1095 4336 1355 4388 Reuehlin
1401 4352 1444 4387 s.-
1493 4338 1615 4388 319.
1761 4338 1796 4386 3-
1833 4334 1931 4385 Die
1972 4332 2213 4401 Speicrer
2259 4340 2477 4386 sentent

155 4420 212 4471 29
255 4424 396 4477 Mai-z
452 4430 602 4480 1514.
752 4432 782 4477 4
823 4427 981 4479 Nieht
1041 4426 1125 4479 dio
1183 4426 1597 4489 universitatem,
1659 4424 1885 4479 sondern
1939 4422 2023 4478 die
2072 4422 2477 4493 -theologischeu

155 4508 420 4567 facultatem
461 4518 516 4567 in
560 4516 756 4568 waen
795 4531 830 4567 u
886 4533 927 4568 s.
970 4532 1039 4568 w.
