2950 5042
1588 409 1716 475 130

471 596 761 685 quotidie
816 603 1087 681 conatus
1146 617 1476 682 nunquam
1539 598 1834 664 feriaret.
1929 599 2068 666 Scis
2115 600 2328 684 magni
2373 622 2518 667 esse
2567 599 2806 667 laboris

466 711 534 771 et
562 706 914 772 multorum
948 704 1202 770 dierum'
1234 704 1554 788 castigare
1585 725 1664 769 ac
1694 704 2059 785 emendare,
2093 705 2270 790 quod
2301 706 2584 790 sparsim
2617 705 2798 785 latet,

466 810 839 897 Sybillaque
896 811 1257 894 interprete
1312 809 1700 895 quandoque
1767 830 1930 893 opus
1989 816 2183 877 esset.
2289 810 2389 876 Tu
2443 810 2576 889 fac,
2640 810 2809 894 quod

464 916 673 996 decet,
720 923 788 981 et
830 936 949 999 ego
995 916 1251 994 faciam,
1297 914 1471 1000 quod
1517 920 1826 999 oportet·
1885 915 2077 983 Nosti
2122 916 2280 1001 quid
2326 916 2535 983 velim.
2640 916 2810 984 Vale.

466 1022 566 1087 Ex
610 1020 993 1105 Stutgardia
1040 1020 1349 1087 Kalendis
1393 1020 1866 1086 Decembribus
1919 1026 2112 1087 1510.

1515 1126 1614 1192 Jo.
1661 1125 1995 1205 Reuchlin,
2042 1126 2428 1192 Phor-censis
2473 1126 2539 1191 ll.
2587 1126 2732 1191 doc.

652 1235 802 1295 Aus:
834 1235 1039 1295 Basler
1069 1235 1579 1295 universitatsbibl.
1615 1235 1918 1295 handschr.
1953 1234 2003 1294 G
2023 1236 2080 1294 11
2115 1239 2230 1295 13·
2259 1254 2382 1296 nr0.
2405 1239 2488 1295 64
2521 1236 2820 1314 (abschrift

476 1340 579 1401 des
610 1340 858 1401 Basilius
888 1342 1229 1415 Amerbach‚
1262 1341 1463 1401 enkels
1495 1341 1597 1401 des
1625 1342 1663 1401 J
1667 1338 1966 1417 ohannes).

1525 1507 1775 1573 CXXV.

624 1596 902 1663 Stuttgart.
2359 1599 2390 1646 6
2433 1599 2558 1665 Apr.
2608 1601 2760 1649 1511.

474 1708 773 1783 Maister
791 1708 1229 1784 Johannsen
1250 1706 1750 1783 Ammerbach
1770 1708 2267 1783 buchtriicker
2315 1710 2524 1784 unnd
2559 1710 2826 1810 burgei-

470 1858 562 1905 zu
598 1831 818 1907 Base]
858 1832 1130 1907 minem
1168 1832 1413 1907 lieben
1454 1833 1674 1905 herrn
1708 1831 1919 1906 unnd
1955 1844 2215 1930 gutten
2264 1832 2492 1907 friind
2543 1834 2683 1908 inn
2720 1834 2823 1905 sin

1032 1954 1271 2028 handt
1308 1954 1388 2057 [J
1392 1982 1456 2029 ο.
1499 1952 1909 2057 Reuchlin]
1949 1955 2023 2030 S.
2064 1956 2153 2029 D.
2194 1956 2277 2030 P.

691 2100 877 2178 Quod
931 2106 1083 2167 ante
1138 2102 1201 2166 in
1266 2122 1473 2185 graeco
1523 2101 2033 2183 emendavimus,
2094 2102 2159 2168 id
2211 2102 2349 2187 jam
2398 2103 2612 2168 cernis
2662 2102 2820 2168 etin

479 2202 788 2269 hebraica
852 2205 1075 2289 lingua
1136 2208 1557 2291 completum3
1630 2208 1819 2272 mitto
1879 2207 2062 2271 enim
2131 2207 2483 2291 prophetas
2553 2208 2825 2272 minores

483 2315 563 2375 12
613 2316 681 2376 et
726 2310 981 2390 Isaiam,
1028 2312 1139 2397 qui
1184 2314 1364 2397 prius
1411 2312 1818 2378 Ezechielem
1851 2311 1940 2377 ad
1978 2318 2043 2376 te
2077 2312 2225 2376 misi
2261 2313 2301 2377 ².
2377 2312 2602 2379 Habes
2631 2314 2821 2397 igitur

480 2414 681 2481 libros
750 2416 812 2481 S.
868 2417 1247 2501 Hieronymi
1310 2439 1429 2501 per
1505 2439 1608 2483 me
1679 2418 2038 2501 castigatos
2124 2422 2258 2482 tam
2343 2436 2550 2501 graece
2635 2438 2822 2501 quam
2934 2436 2935 2455 l

474 2503 810 2587 hebraice:
868 2544 1063 2606 super
1108 2524 1425 2607 genesim,
1481 2544 1676 2607 super
1729 2528 1808 2588 12
1854 2522 2264 2607 prophetas,
2322 2544 2517 2607 super
2572 2522 2822 2601 Isaiam,

478 2648 677 2712 super
722 2627 1154 2705 Ezechielem3
1203 2650 1437 2713 parum
1485 2633 1697 2692 restat
1739 2626 1820 2693 de
1869 2628 2164 2693 Daniele.
2261 2628 2453 2705 Quod
2485 2628 2542 2693 si
2574 2630 2824 2712 uspiam
2932 2694 2933 2711 ἒ

479 2732 654 2797 circa
719 2753 835 2798 nos
902 2732 1243 2817 antiquum
1301 2733 1585 2819 aliquem
1630 2733 2005 2817 Hieronymi
2055 2734 2343 2799 codicem
2405 2756 2601 2818 super
2648 2734 2825 2799 Jere-
2931 2712 2933 2804 l

480 2837 678 2901 miam
733 2836 1047 2904 hactenus
1101 2838 1389 2905 invenire
1434 2837 1818 2922 potuissem,
1881 2839 2089 2903 etiam
2143 2838 2330 2903 illum
2365 2840 2504 2923 jam
2550 2838 2821 2905 haberes

481 2941 887 3021 absolutum3
944 2942 1059 3008 sed
1119 2944 1373 3010 interea
1434 2942 1661 3027 putavi
1708 2964 1810 3009 me
1858 2964 2054 3027 opere
2090 2944 2116 2981 ²
2171 2944 2461 3028 precium
2508 2966 2653 3009 esse
2701 2945 2822 3009 fac·

482 3052 724 3126 turum,
770 3049 825 3113 si
873 3068 1037 3131 opus
1084 3048 1434 3133 epistolare
1481 3048 1891 3133 aggrederer,
1940 3047 2114 3133 quod
2161 3048 2245 3113 ad
2291 3070 2394 3113 me
2451 3055 2638 3114 tanta
2674 3070 2820 3114 cura
2930 3052 2931 3110 3

482 3151 739 3219 dedisti.
830 3154 1134 3232 Quamvis
1180 3176 1298 3221 nec
1344 3153 1637 3240 ejusdem
1683 3154 1958 3219 habeam
2007 3161 2191 3219 vetus
2242 3153 2610 3237 exemplar,
2660 3153 2819 3237 coepi

481 3258 652 3325 vires
743 3278 1044 3325 exercere
1132 3260 1372 3345 ingenii
1458 3264 1526 3324 et
1609 3265 1792 3324 tanto
1882 3258 2107 3324 labore
2197 3264 2511 3343 tantoque
2590 3266 2819 3324 conatu

483 3363 589 3427 vix
652 3363 928 3448 primam
988 3365 1126 3448 ejus
1189 3371 1472 3448 partem,
1549 3384 1690 3450 quae
1761 3365 2039 3429 aliarum
2104 3370 2320 3428 tamen
2381 3370 2484 3427 est
2538 3366 2818 3429 omnium

478 3468 804 3553 castigata
871 3468 1206 3549 facillima,
1270 3471 1406 3535 sine
1468 3470 1630 3537 duce
1694 3469 2094 3549 consumavi,
2162 3475 2237 3533 ut
2291 3468 2430 3552 jam
2479 3466 2821 3552 desperan-

482 3572 635 3639 dum
698 3574 855 3640 mihi
915 3575 1000 3640 sit
1062 3574 1141 3641 de
1212 3575 1483 3660 reliquis
1543 3597 1733 3661 posse
1794 3575 2044 3660 absque
2100 3574 2378 3639 vetustis
2442 3573 2822 3658 exemplari-

480 3678 605 3746 bus
660 3678 861 3745 ullum
928 3679 1239 3767 consequi
1298 3674 1626 3747 honorem.
1720 3681 2168 3764 Quapropter,
2238 3684 2314 3744 ut
2389 3685 2516 3745 tuae
2577 3700 2816 3745 morem

480 3804 703 3868 geram
764 3786 1110 3866 voluntati,
1170 3793 1518 3871 postquam
1577 3786 1990 3865 convaluero,
2038 3822 2126 3835 —
2163 3786 2303 3869 jam
2373 3785 2545 3849 enim
2601 3786 2672 3849 in
2717 3782 2820 3849 ob-

487 3891 713 3973 sequio
772 3896 887 3955 tuo
946 3897 1051 3957 ter
1096 3892 1316 3976 langui
1364 3897 1431 3957 et
1474 3890 1561 3955 ad
1608 3890 1730 3955 hoc
1775 3896 2034 3974 tempus
2092 3890 2288 3956 tertio
2349 3890 2462 3955 illo
2510 3890 2820 3973 languore

480 3991 855 4074 discrucior,
900 4002 1248 4081 postquam
1296 4002 1520 4062 autem
1561 3995 1964 4075 convaluerO,
2015 3996 2218 4061 statui
2265 4016 2520 4061 mecum
2550 4014 2700 4062 cum
2737 3994 2822 4059 eis

479 4099 661 4185 alpes
722 4106 791 4167 et
848 4107 1041 4167 antra
1100 4101 1482 4187 disquirere.
1574 4101 1784 4168 Crede
1845 4101 2036 4181 mihi,
2101 4101 2379 4185 inceptis
2451 4102 2586 4167 tuis
2649 4097 2823 4165 haud

480 4204 693 4288 decre,
740 4211 809 4271 et
860 4225 901 4270 a
932 4204 1086 4273 boni
1127 4206 1247 4272 viri
1288 4206 1492 4272 officio
1531 4227 1636 4273 me
1683 4228 1811 4271 non
1843 4207 2264 4291 dimoveth
2307 4208 2646 4273 invectivae
2676 4212 2821 4282 tuae,

480 4332 645 4396 quas
690 4311 823 4377 scio
870 4332 997 4377 non
1044 4334 1127 4379 ex
1170 4312 1409 4394 hostili,
1456 4312 1574 4381 sed
1623 4313 1794 4380 bono
1839 4312 2035 4379 corde
2067 4311 2444 4397 procedere.
2519 4313 2625 4378 Ita
2657 4331 2824 4377 com·

1647 4442 1684 4482 ἡ

630 4535 653 4583 1
702 4532 845 4605 Misi]
872 4546 919 4584 s.
944 4544 993 4582 o.
1017 4533 1083 4583 20
1104 4532 1239 4585 Nov.
1268 4532 1403 4585 1510
1434 4548 1549 4585 nro.
1573 4516 1816 4584 exim.
1867 4536 1897 4583 2
1922 4532 2112 4603 Opere]
2136 4532 2228 4587 das
2247 4529 2479 4601 original
2499 4532 2591 4584 hat
2619 4542 2820 4601 oprere.
