2950 5042
1324 377 1449 445 163

247 566 398 647 bont,
440 588 519 633 ne
564 566 942 634 scandalum
988 566 1183 651 passi,
1230 572 1296 633 te
1342 566 1542 637 alium
1589 568 1961 636 existiment
1999 591 2194 655 quam
2227 570 2542 639 catholice

244 680 301 737 et
338 679 505 739 recte
566 673 649 741 de
710 670 839 739 fide
898 677 967 739 et
1026 671 1484 741 ecclesiasticis
1539 674 1966 758 scriptoribus
2011 676 2417 757 sentientem,
2464 698 2544 743 ac

240 776 461 843 Judaeis
514 799 865 863 eorumque
923 775 1189 862 perfidis
1234 783 1303 845 et
1350 778 1746 864 blasphemis
1790 778 1996 861 libris,
2049 786 2120 849 et
2163 782 2543 849 nominatim

240 881 533 949 Thalmud
578 883 1052 951 adversantem.

395 988 531 1053 Scis
584 990 753 1055 enim
802 990 1114 1075 scriptum
1161 1008 1344 1055 esse:
1418 989 1527 1055 Voe
1583 987 1828 1056 homini
1871 1011 1990 1075 per
2035 1010 2226 1077 quem
2273 991 2546 1059 scanda-

234 1092 353 1159 lum
396 1094 586 1160 venit.
695 1094 833 1164 Scis
888 1114 1147 1181 quoque
1204 1114 1403 1179 quam
1459 1114 1718 1179 poenam
1767 1097 2008 1163 veritas
2053 1096 2404 1181 injunxerit
2445 1096 2543 1162 illi

233 1198 330 1281 qui
384 1199 617 1265 saltem
681 1221 879 1267 unum
940 1199 1021 1267 de
1078 1198 1333 1287 pusillis
1390 1200 1554 1280 suis,
1613 1222 1778 1287 quos
1837 1201 2148 1287 sanguine
2209 1204 2546 1283 coemerit,

232 1304 767 1372 scandalizaverit.
860 1305 967 1371 Sic
1028 1326 1179 1389 ergo
1236 1304 1534 1389 religiose
1595 1327 1898 1391 magnum
1943 1306 2372 1393 Augustinum
2429 1328 2546 1373 cse-

230 1414 512 1495 terosque
576 1410 929 1497 praeclaros
985 1412 1159 1477 viros
1215 1410 1510 1477 imitatus
1556 1411 1696 1479 face
1718 1412 1790 1497 (Ι)
1830 1413 1869 1478 ¹.
1959 1411 2056 1477 Ne
2104 1414 2158 1480 si
2203 1412 2369 1481 forte
2401 1434 2542 1499 quae

227 1536 539 1582 monemus
587 1538 715 1583 non
759 1515 1011 1598 fierent,
1074 1516 1248 1603 quod
1294 1523 1515 1584 tamen
1561 1517 1642 1585 de
1690 1524 1756 1584 te
1803 1517 2124 1603 suspicari
2169 1518 2354 1586 nobis
2415 1526 2543 1585 tuae

228 1620 299 1685 ad
350 1642 464 1688 nos
519 1621 729 1688 literae
786 1623 955 1689 datae
1003 1622 1030 1662 ²
1074 1644 1202 1689 non
1248 1623 1492 1705 sinunt,
1541 1644 1702 1708 opus
1749 1622 1855 1703 sit,
1901 1629 1975 1690 ut
2019 1644 2137 1709 per
2199 1623 2382 1689 illum
2441 1624 2542 1691 vel

224 1726 351 1793 illos
394 1728 483 1794 ad
528 1715 724 1813 quem
773 1726 873 1794 vel
917 1749 1083 1814 quos
1135 1727 1204 1793 id
1277 1734 1580 1813 spectare
1636 1727 1894 1795 videtur
1963 1734 2029 1793 te
2083 1728 2394 1795 faciamus
2455 1728 2542 1794 ad

224 1854 325 1901 nos
378 1836 668 1902 vocari.
761 1834 896 1901 Nec
941 1834 1063 1899 hoc
1109 1833 1331 1918 iniquo
1380 1856 1498 1901 nos
1543 1833 1807 1919 putabis
1855 1833 2069 1900 animo
2119 1833 2364 1916 facere3
2426 1835 2544 1901 sed

222 1938 457 2024 integra
515 1942 605 2007 ad
659 1948 727 2007 te
774 1940 1125 2020 charitate,
1187 1945 1508 2026 quatenus
1563 1960 1692 2006 non
1736 1960 1858 2023 per
1901 1938 2098 2005 alium
2153 1939 2540 2025 quempiam,

224 2045 321 2111 sed
363 2068 480 2129 per
527 2048 809 2131 teipsum
858 2068 963 2112 res
1008 2044 1363 2111 christiano
1408 2044 1847 2113 moderamine
1904 2045 2286 2129 corrigatur.
2378 2044 2544 2123 Quia

224 2150 701 2217 scribendarum
756 2158 823 2221 et
886 2149 1452 2217 rescribendarum
1518 2150 1856 2216 literarum
1915 2151 2145 2217 tardus
2209 2150 2376 2217 forte
2433 2157 2550 2216 aut

224 2254 421 2322 nullus
482 2263 661 2324 esset
714 2255 879 2322 finis.
973 2258 1059 2321 Et
1112 2256 1318 2336 nosti,
1384 2256 1453 2320 in
1499 2254 1600 2321 his
1646 2254 1844 2321 rebus
1889 2276 2016 2323 non
2063 2260 2317 2320 tantum
2363 2254 2550 2320 nobis

224 2369 525 2444 quantum
594 2362 854 2428 Christo
935 2366 1002 2427 et
1074 2361 1361 2428 ecclesiae
1432 2382 1682 2427 moram
1749 2360 2182 2445 perniciosam
2257 2381 2400 2427 esse
2481 2364 2550 2425 et

223 2465 610 2535 damnosam.
703 2468 787 2534 Et
845 2490 993 2534 mox
1050 2466 1428 2533 scandalum
1498 2466 1679 2532 velut
1745 2466 2031 2551 gladium
2106 2486 2234 2551 quo
2301 2464 2547 2531 incauti

221 2580 529 2641 necantur
573 2595 715 2640 esse
763 2573 1292 2640 submovendum.
1383 2570 1754 2639 Christiano
1802 2572 1997 2638 etiam
2045 2571 2329 2651 cuilibet,
2377 2576 2544 2635 teste

223 2680 545 2764 Apost010,
590 2701 717 2746 non
764 2679 970 2746 solum
1016 2699 1058 2745 a
1102 2678 1275 2745 malo
1323 2677 1441 2744 sed
1488 2683 1557 2743 et
1601 2676 1686 2743 ab
1733 2676 1906 2744 omni
1965 2676 2180 2761 specie
2235 2675 2388 2741 mali
2436 2674 2550 2741 ab·

224 2785 602 2852 stinendum.

384 2893 619 2976 Neque
685 2890 756 2956 id
820 2890 943 2957 tibi
989 2910 1182 2975 grave
1230 2896 1345 2955 aut
1390 2888 1648 2955 difficile
1707 2887 2036 2955 existimes
2061 2937 2077 2970 ,
2147 2887 2298 2975 quia
2367 2884 2546 2952 nullo

225 3016 500 3081 unquam
564 2994 881 3063 sacrificio
928 2996 1138 3063 Deum
1195 3016 1517 3061 summum
1573 2995 1823 3080 gratius
1879 2994 2205 3079 placueris
2251 3012 2445 3080 quam
2493 2992 2549 3058 si

224 3100 283 3166 id
326 3110 389 3168 te
438 3102 617 3188 quod
664 3102 1003 3169 hortamur
1049 3102 1262 3167 facere
1311 3122 1437 3168 non
1483 3100 1772 3185 pudebit,
1818 3101 2106 3186 prudens
2163 3120 2422 3185 nanque
2485 3119 2551 3164 es

228 3213 288 3272 et
325 3208 521 3274 facile
567 3209 883 3294 conjicere
929 3213 1151 3293 potes,
1210 3208 1266 3273 si
1321 3228 1448 3273 non
1494 3204 1726 3272 feceris
1773 3212 1841 3273 et
1885 3228 2002 3274 nos
2065 3226 2322 3294 quoque
2375 3210 2551 3290 post·

229 3333 407 3396 quam
476 3335 583 3379 res
644 3314 831 3380 nobis
895 3314 989 3381 sic
1048 3313 1333 3379 innotuit
1388 3318 1830 3396 torperemus‚
1876 3333 2108 3379 revera
2155 3314 2354 3379 etiam
2401 3315 2553 3395 post

226 3425 494 3484 mortem
540 3424 720 3485 tuam
765 3441 893 3486 non
954 3416 1323 3499 defuturos,
1373 3418 1486 3504 qui
1531 3418 1686 3484 dum
1732 3423 1805 3483 tu
1859 3438 2071 3504 neque
2117 3416 2298 3503 loqui
2342 3435 2555 3500 neque

229 3523 614 3609 respondere
657 3524 787 3590 illis
844 3546 1093 3611 posses,
1154 3529 1374 3591 tamen
1420 3524 1592 3590 leoni
1651 3529 1908 3588 mortuo
1971 3521 2247 3587 barbam
2291 3519 2553 3599 vellant,

230 3635 289 3693 et
338 3634 405 3695 t'e
466 3629 637 3696 forte
702 3630 766 3694 in
820 3650 951 3695 una
1005 3635 1257 3696 tartara
1303 3629 1642 3714 delapsum
1689 3628 1976 3713 legentes
2022 3633 2140 3693 tua
2185 3626 2433 3709 scripta
2483 3631 2558 3689 et

232 3732 517 3802 dicerent
578 3740 643 3800 et
704 3735 1083 3802 scriberent.
1198 3734 1621 3816 „confortare
1682 3753 1835 3817 ergo
1891 3738 1962 3799 et
2039 3737 2180 3799 esto
2247 3730 2554 3797 robustus

232 3839 492 3908 induere
536 3840 916 3907 fortitudine
965 3848 1080 3908 tua
1111 3842 1300 3909 Sion“
1343 3840 1385 3906 ³.
1479 3840 1622 3906 Non
1671 3839 1798 3905 erit
1843 3838 1966 3904 tibi
2012 3838 2068 3904 si
2100 3836 2349 3916 feceriS,
2380 3835 2560 3919 igno-

234 3947 423 4013 minia
459 3946 622 4029 ulla,
682 3946 798 4013 sed
843 3968 1094 4013 summa
1140 3946 1376 4031 gloria,
1433 3951 1782 4030 postquam
1828 3965 1958 4010 non
2001 3943 2168 4009 alius
2215 3940 2555 4029 quispiam,

237 4053 345 4119 sed
418 4057 491 4119 tu
549 4053 747 4118 animi
805 4052 903 4119 tui
958 4052 1165 4119 victor
1234 4052 1315 4117 de
1370 4052 1582 4136 teipso
1655 4049 2188 4136 triumphaveris,
2247 4068 2325 4113 ac
2383 4043 2556 4111 malo

239 4156 582 4226 daemonem
650 4159 949 4225 diminuti
977 4168 1006 4205 ⁴
1054 4158 1314 4225 honoris
1375 4163 1493 4223 aut
1554 4155 1876 4241 dispendii
1932 4155 2120 4221 famae
2177 4156 2560 4238 argumenta

239 4266 360 4331 tuis
404 4265 902 4351 cogitationibus
963 4265 1361 4350 ingerentem
1421 4262 1756 4331 confusum
1802 4283 1880 4329 ac
1925 4262 2172 4328 frustra
2215 4264 2560 4325 conantem

1386 4415 1421 4454 ³3

381 4511 403 4558 1
433 4505 541 4558 Fae
557 4508 606 4558 3.
700 4509 729 4557 2
756 4507 901 4557 Datae
919 4504 1088 4557 literae
1104 4507 1169 4568 2„
1244 4507 1274 4555 3
1317 4502 1646 4571 Confertare]
1675 4502 1884 4568 Jesajas
1903 4502 1991 4564 52,
2017 4504 2083 4639 h
2110 4503 2188 4605 *4
2218 4466 2488 4550 Deminuti
2513 4499 2562 4550 2.
