2950 5042
1226 432 1347 499 131

173 622 415 701 mittam,
476 621 823 707 adjuvante
893 622 1059 701 Deo,
1118 628 1197 688 ut
1254 620 1636 689 desiderare
1697 644 1826 690 non
1885 622 2128 691 habeas
2191 642 2455 693 necesse

170 725 330 791 fidem
370 746 587 791 meam.
684 726 810 793 Sed
863 746 1012 792 cum
1072 734 1363 811 tempore
1424 734 1664 795 tamen.
1753 727 2078 796 Habenda
2126 730 2297 796 enim
2346 734 2448 796 est

171 832 307 893 ratio
346 830 781 897 triumviratus
820 834 950 898 mei
988 834 1026 912 ¹,
1074 834 1379 917 ponenda
1424 852 1560 917 prae
1605 833 1808 901 oculis
1847 832 2261 902 imbecillitas
2295 852 2460 917 mea,

170 937 256 1019 qui
306 956 458 1001 rarae
526 942 799 1003 texturae
872 938 1214 1003 homuncio
1288 959 1451 1005 sum.
1559 938 1717 1004 Esto
1779 944 1852 1004 tu
1913 960 1994 1005 ex
2055 939 2274 1025 lapide
2341 960 2462 1023 per

169 1041 606 1123 Deucalionem,
668 1064 783 1127 ego
840 1064 919 1109 ex
979 1043 1156 1109 molli
1216 1044 1354 1109 luto
1400 1065 1521 1130 per
1577 1042 1903 1109 Adamnm
1947 1048 2166 1125 ortus;
2223 1044 2462 1111 utrius-

169 1168 264 1227 que
312 1145 523 1231 dispar
588 1147 890 1215 conditiO.
999 1147 1147 1214 Noli
1192 1148 1361 1215 vires
1408 1168 1588 1215 meas
1634 1148 1850 1213 metiri
1903 1148 2063 1229 tuis,
2125 1140 2458 1241 διάμιτρος,

166 1251 501 1341 ἀσύμμετρος.
598 1254 810 1337 Caput
856 1261 1039 1320 tuum
1086 1252 1285 1319 duros
1326 1253 1585 1320 labores
1619 1275 1858 1340 eosque
1895 1253 2135 1320 multos
2165 1252 2456 1341 perferre

166 1362 356 1435 potest,
398 1365 469 1423 at
512 1380 662 1423 mea
693 1358 975 1425 delicata
1007 1365 1157 1424 sunt
1188 1358 1427 1425 studia.
1521 1358 1576 1427 Ο
1607 1361 1854 1426 utinam
1893 1359 2112 1424 Bruno
2148 1358 2174 1399 ²
2217 1358 2452 1425 saltem

167 1466 341 1525 noster
398 1463 777 1549 adjumento
841 1464 997 1529 mihi
1062 1463 1399 1531 assideret.
1506 1463 1692 1530 Nunc
1757 1463 1933 1531 solus
2001 1464 2448 1545 immurmuro,

171 1585 257 1629 nec
304 1574 510 1633 tamen
574 1568 975 1653 negligenter
1039 1567 1351 1653 profecto.
1446 1568 1626 1650 Scio,
1687 1570 1774 1635 ad
1820 1570 1977 1656 quid
2023 1592 2126 1637 me
2171 1569 2459 1655 obligent

172 1670 465 1738 antidora:
527 1675 856 1740 Caeterum
910 1674 1083 1739 iuter
1145 1674 1480 1741 visendum
1527 1673 1735 1741 vicina
1796 1676 2191 1743 monasteria
2235 1675 2451 1743 inveni

177 1774 539 1843 Bebenhusen
592 1779 1058 1865 Hieronymum
1103 1781 1169 1843 in
1218 1779 1562 1865 epistolam
1616 1780 1703 1845 ad
1750 1780 2105 1861 Romanos,
2154 1780 2449 1865 Origenis

179 1884 229 1942 15
258 1881 443 1949 libros
492 1884 579 1949 ad
628 1886 910 1969 quinque
959 1883 1376 1968 redigentem.
1471 1885 1714 1951 Scribit
1745 1884 1915 1952 enim
1964 1885 2048 1951 ad
2079 1886 2457 1953 Heraclium

168 1985 249 2049 sic:
288 1988 479 2053 Addis
528 1996 755 2053 autem
799 2010 878 2055 ne
932 1989 1090 2075 quid
1134 1989 1471 2055 laboribus
1519 1970 1679 2057 meis
1726 1990 1929 2071 desit,
1973 1997 2050 2057 ut
2097 2012 2283 2057 omne
2331 1990 2455 2057 hoc

166 2091 479 2171 quindecim
536 2094 938 2159 voluminum
1008 2115 1281 2179 corpus,
1346 2095 1521 2181 quod
1581 2115 1828 2179 graecus
1895 2117 2104 2163 sermo
2161 2096 2248 2163 ad
2294 2118 2449 2182 qua-

163 2194 410 2279 draginta
440 2201 579 2265 fere
614 2205 731 2264 aut
763 2220 838 2263 eo
870 2200 1145 2285 amplius
1176 2200 1355 2265 milia
1386 2221 1692 2266 versuum
1721 2201 2046 2285 produxit,
2077 2199 2455 2268 abbreviem

160 2307 208 2364 et
249 2304 321 2368 ad
375 2306 626 2383 media,
674 2304 731 2368 si
774 2302 915 2370 fieri
959 2312 1242 2389 postest,
1300 2306 1522 2392 spacia
1567 2314 1856 2373 coartem
1901 2313 2021 2373 etc.
2090 2304 2451 2393 Aggrediar

160 2405 319 2489 igitur
360 2418 479 2476 ete.
530 2411 676 2475 Hoc
720 2410 847 2476 ille.
930 2411 1111 2475 Folia
1150 2411 1349 2477 habet
1394 2416 1499 2476 84.
1576 2411 1813 2495 Reperi
1857 2417 1925 2477 et
1968 2412 2035 2476 in
2065 2412 2296 2480 eodem
2325 2433 2464 2478 mo-

159 2515 399 2580 nasterio
448 2516 532 2581 de
586 2522 755 2594 ortu,
803 2516 953 2595 vita,
1003 2515 1315 2597 doctrina,
1360 2522 1570 2582 morte
1617 2537 1695 2581 ac
1749 2516 2078 2583 miraculis
2138 2538 2188 2583 s.
2233 2517 2461 2583 Hiero-

158 2619 295 2701 nymi
326 2626 639 2705 excerpta
686 2642 765 2685 ex
798 2621 1307 2705 Hieronymiano
1349 2621 1618 2688 Joannis
1649 2621 1924 2687 Andreae
1941 2620 1986 2702 ⁸,
2029 2621 2189 2687 item
2217 2619 2462 2687 bullam

158 2722 217 2786 de
270 2726 753 2791 confirmatione
814 2726 1057 2791 ordinis
1104 2749 1153 2793 s.
1202 2727 1604 2811 Hieronymi,
1650 2728 1866 2792 omnia
1909 2726 2114 2792 ferme
2157 2724 2462 2792 foliorum

158 2831 578 2916 quadraginta,
608 2832 765 2897 item
782 2832 1113 2897 aureolam
1144 2854 1225 2898 ex
1244 2832 1646 2899 suavissimis
1677 2830 2160 2916 salutiferisque
2191 2828 2458 2898 floribus

157 2952 193 2995 e.
240 2936 645 3024 Hieronymi,
700 2937 816 3003 ubi
892 2944 1043 3003 sunt
1098 2937 1385 3003 collectae
1442 2958 1665 3003 omnes
1733 2937 1918 3004 bonae
1980 2937 2318 3004 sententiae
2373 2958 2455 3003 ex

158 3036 305 3106 libris
350 3045 513 3128 ejus,
566 3048 633 3109 et
678 3049 829 3107 sunt
870 3042 1025 3107 folia
1060 3048 1162 3109 29.
1246 3043 1421 3108 Nihil
1470 3064 1695 3109 eorum
1734 3044 1930 3110 etiam
1956 3043 2250 3129 praestita
2299 3064 2456 3128 qua-

157 3164 401 3231 cumque
468 3148 776 3215 cautione
834 3147 1265 3214 exhibebitur.
1360 3149 1427 3215 Si
1491 3156 1566 3215 tu
1613 3169 1764 3215 vero
1816 3149 2122 3234 jusseris,
2177 3168 2463 3234 quaeram

158 3268 585 3319 amanuensem
614 3252 915 3337 aliquem,
966 3255 1077 3339 qui
1122 3254 1339 3337 precio
1364 3259 1633 3338 accepto
1667 3254 1993 3320 exscribat
2025 3254 2461 3341 quodcunque

164 3354 388 3423 illorum
433 3359 633 3425 voles.
725 3361 813 3424 Et
858 3366 1009 3425 sunt
1054 3366 1271 3423 tamen
1318 3359 1713 3443 ejuscemodi
1757 3360 2108 3443 scriptores
2147 3379 2466 3446 perquam

158 3463 275 3527 rari.
376 3465 555 3543 Quid
623 3465 742 3530 tibi
802 3464 1027 3530 sedeat
1094 3464 1343 3544 anim0‚
1415 3464 1605 3529 velim
1635 3464 1994 3549 .certiorem
2054 3484 2160 3531 me
2237 3466 2456 3533 facias.

157 3563 421 3635 Feliciter
467 3570 630 3661 vale.
724 3572 819 3634 Ex
865 3569 1241 3653 Stutgardia
1288 3575 1327 3635 8
1372 3570 1522 3635 idus
1567 3570 1809 3653 apriles
1854 3589 2024 3635 anno
2077 3575 2272 3635 1511.

1022 3674 1121 3739 Jo.
1172 3675 1482 3739 Reuchlin
1530 3673 1936 3740 Phorcensis·
1961 3674 2086 3740 LL.
2123 3672 2374 3740 doctor.

228 3867 235 3877 ,
300 3810 448 3871 Aus:
471 3811 676 3870 Basler
692 3807 1197 3871 universitatsbibl.
1217 3807 1525 3869 handschr.
1547 3806 1602 3867 G
1619 3808 1678 3866 11
1702 3813 1729 3866 1
1743 3810 1818 3867 3⁸
1845 3822 1969 3866 nr0.
2009 3808 2090 3865 65
2113 3806 2456 3882 autograph.

1270 3926 1306 3965 a

274 4024 294 4067 1
339 4022 443 4069 Des
482 4024 617 4068 amts
658 4018 736 4067 als
774 4014 1171 4067 schwabischer
1204 4013 1626 4066 bundesriehter.
1739 4020 1767 4066 2
1809 4012 2008 4081 Brimo]
2045 4012 2179 4065 sohn
2215 4011 2465 4063 Johanns

156 4114 243 4153 war
271 4110 397 4160 1506
438 4109 491 4158 in
526 4108 679 4157 Paris
717 4107 969 4172 magister
990 4104 1271 4169 geworden
1311 4105 1417 4155 und
1441 4103 1590 4154 hatte
1628 4102 1742 4154 sich
1780 4101 1918 4153 noch
1953 4100 2040 4152 bis
2072 4103 2206 4152 1508
2229 4092 2469 4153 daselbst

157 4192 482 4259 aufgehalteu‚
520 4212 610 4246 um
644 4198 775 4245 1508
814 4194 899 4244 bei
929 4192 1251 4243 Franziskus
1277 4191 1568 4243 Tissardns
1605 4189 1908 4257 griechiseh
1944 4205 2010 4240 zu
2047 4190 2246 4241 lernen.
2286 4188 2473 4242 Basler

158 4274 285 4331 beitr.
323 4300 368 4334 a.
405 4284 589 4334 vaterl.
630 4280 807 4348 gescb.
851 4284 1002 4343 1843,
1044 4281 1109 4329 11.
1150 4294 1193 4330 s.
1238 4282 1353 4333 178.
1430 4283 1459 4330 3
1499 4281 1624 4331 Joh.
1665 4278 1906 4342 Andrea,
1954 4276 2173 4328 bischof
2200 4293 2250 4328 v.
2293 4277 2472 4330 Aleria

155 4363 197 4412 in
231 4368 455 4431 Corsica,
490 4372 627 4421 naeh
666 4372 864 4420 seinem
914 4369 1340 4420 familiennamen
1378 4370 1538 4419 Bussi
1585 4367 1714 4419 oder
1749 4366 1934 4429 Bessi,
1979 4366 2072 4417 der
2119 4367 2192 4415 im
2229 4368 2470 4434 austrage

157 4450 232 4503 des
253 4469 455 4524 papates
482 4459 615 4509 Paul
654 4458 705 4509 11
740 4474 793 4509 u.
832 4473 875 4509 a.
917 4458 1003 4509 die
1027 4458 1195 4511 briefe
1230 4456 1323 4531 des
1358 4455 1714 4522 Hieronymus
1750 4454 2080 4520 herausgibt.
2154 4454 2276 4522 Vgl.
2306 4454 2469 4507 Erech

160 4552 201 4591 u.
234 4542 441 4613 Gruber,
476 4546 863 4616 encyklopitdie
900 4546 938 4611 1,
979 4550 1027 4611 4,
1066 4562 1107 4598 s.
1150 4550 1235 4599 31.
1955 4616 1991 4677 9
2019 4614 2051 4647 ἃ
