2950 5042
1527 392 1659 461 248

618 588 972 649 Handsehr.:
1002 607 1085 645 ι.-
1108 586 1265 649 Berl.
1299 603 1468 649 mser.
1506 586 1609 648 fol.
1648 588 1758 661 223
1790 584 2099 663 gedruekt:
2122 583 2607 657 :Friedlanden
2632 582 2735 645 bei·

456 700 622 771 trage
652 712 700 755 s.
739 698 820 755 60
850 694 930 770 fg.

1610 794 1645 833 ,ιι

447 885 558 935 drei
587 885 670 934 fiir
695 883 778 933 die
800 884 1189 935 reuchlinisehe
1215 858 1386 934 sache⁸
1399 884 1545 935 nicht
1571 884 1927 951 unwichtigeu
1953 883 2156 935 briefen
2185 901 2252 934 an
2288 882 2513 950 Stephan
2532 880 2741 943 Rosinus,

447 974 578 1025 Rom
620 974 684 1022 26
713 973 844 1023 Nov.
883 972 990 1023 und
1030 978 1058 1021 7
1099 974 1224 1024 Dec.
1269 974 1420 1035 1515,
1465 976 1527 1023 13
1552 974 1675 1023 dan.
1722 973 1854 1022 1516
1882 973 1969 1023 bei
1992 972 2170 1022 Veitb:
2210 972 2494 1037 Pcutinger
2526 985 2564 1019 s.
2594 971 2678 1019 182
2700 969 2744 1019 ff.

443 1060 550 1110 Der
597 1059 846 1126 folgende
881 1060 1062 1110 bisber
1099 1060 1465 1126 ungedruclrte
1505 1060 1665 1121 brief,
1703 1059 1794 1109 der
1835 1059 1928 1109 mit
1966 1059 2066 1111 den
2118 1057 2653 1124 hummelbergischeu
2685 1056 2744 1105 im

443 1150 699 1198 nachsten
734 1149 1181 1215 zusammenbang
1218 1149 1387 1212 steht,
1424 1148 1531 1197 und
1568 1164 1660 1198 zur
1698 1148 2006 1199 erkeuntnis
2044 1147 2134 1198 der
2170 1147 2520 1197 verbaltnisse
2554 1146 2606 1195 iu
2641 1146 2747 1194 Rom

446 1224 663 1286 tittsserst
689 1238 906 1301 wichtig
941 1238 1028 1299 ist,
1067 1236 1166 1285 soll
1196 1236 1517 1302 wenigstens
1556 1236 1609 1285 in
1650 1237 1795 1286 einer
1828 1237 2155 1302 anmerkung
2192 1238 2308 1286 eine
2335 1234 2491 1285 stelle
2526 1231 2747 1283 erhalten.

449 1324 799 1375 ornatissimo
827 1324 1359 1389 eloquentissimoque
1399 1324 1601 1375 doctori
1628 1325 1863 1375 Mutiano
1895 1324 2029 1374 Rufo
2068 1325 2378 1391 praeceptori
2407 1319 2686 1373 venerando
2708 1321 2750 1370 S.

451 1413 572 1463 Scio
626 1413 760 1462 nihil
816 1413 913 1462 tibi
960 1413 1162 1477 gratius
1212 1412 1386 1463 facere
1423 1428 1608 1479 posse,
1649 1428 1803 1478 quam
1844 1419 1901 1463 ut
1940 1413 2231 1479 capnionis
2268 1426 2487 1463 causam
2524 1410 2752 1470 omnibus,

451 1510 512 1553 ut
561 1501 789 1562 dicitur,
839 1501 1170 1550 lineamentis
1219 1501 1316 1551 tibi
1369 1502 1676 1567 exprimam.
1753 1502 1935 1550 Hoeres
1973 1503 2111 1551 enim
2152 1501 2406 1565 favesque
2443 1493 2754 1567 πολυγλῶττῳ

452 1580 829 1640 Germanorum
879 1588 1227 1655 polyhistori,
1279 1596 1332 1638 ut
1388 1590 1477 1653 qui
1529 1590 1755 1639 maxime
1810 1605 1871 1639 eo
1918 1591 2099 1654 itaque
2147 1588 2371 1638 consilio
2426 1587 2577 1637 binas
2624 1586 2754 1633 hasce

447 1678 628 1727 literas
656 1678 847 1727 alteras
873 1676 1166 1739 Reuchlini,
1205 1678 1398 1728 alteras
1431 1676 1797 1743 Humelbergii
1835 1677 1948 1727 hori
1978 1676 2106 1726 mibi
2138 1675 2373 1726 redditas
2412 1674 2512 1724 tibi
2536 1672 2755 1740 legendas

448 1767 773 1827 transmitto,
838 1770 1008 1814 tamen
1060 1772 1116 1813 ut
1170 1763 1259 1814 ubi
1311 1764 1905 1830 perlegeris‘remittas‚
1954 1772 2013 1815 ut
2058 1763 2359 1815 hominibus
2414 1762 2620 1829 optimis
2654 1760 2755 1810 olim

449 1860 796 1921 opportunum
824 1853 1064 1901 nuntium
1093 1852 1309 1917 adeptus
1335 1852 1653 1918 respondere
1679 1853 1903 1903 valeam.
1976 1853 2092 1903 Non
2119 1853 2269 1919 potui
2294 1852 2558 1901 universae
2592 1858 2757 1922 statum

452 1957 624 1993 causae
680 1958 836 2007 quam
879 1941 1346 2007 Hummelbergius
1398 1958 1713 2009 expressus,
1770 1957 1942 2006 neque
1994 1941 2273 1999 maximam
2312 1938 2597 2006 Capnionis
2638 1952 2758 2004 spem

457 2030 650 2080 clarius
703 2030 993 2099 exprim-ere
1040 2046 1196 2093 quam
1250 2032 1483 2096 ipsemet.
1560 2030 1753 2080 Verum
1799 2029 1897 2079 tibi
1936 2046 2041 2080 non
2080 2030 2343 2095 ingratum
2398 2030 2511 2079 fore
2548 2026 2759 2084 arbitror,

454 2118 500 2167 si
538 2118 601 2167 de
641 2117 882 2167 omnibus
923 2103 1190 2183 perso-nis,
1237 2134 1454 2183 quarum
1494 2119 1547 2167 in
1585 2118 1754 2168 literis
1795 2119 1989 2168 mentio
2027 2118 2103 2179 fit,
2141 2116 2366 2184 paucula
2406 2117 2639 2181 quaedam
2670 2129 2760 2182 per·

452 2206 728 2271 scripsero.
806 2206 1018 2272 Fungar
1043 2206 1452 2256 nomenclatoris
1489 2204 1726 2273 partibus
1754 2212 1806 2255 et
1830 2204 1972 2255 istud
1998 2212 2243 2270 tanquam
2271 2207 2564 2255 auctarium
2590 2201 2761 2252 addam.

458 2293 925 2359 Hummelbergius
978 2296 1193 2344 natione
1232 2295 1462 2365 Suevusl,
1507 2295 1647 2359 juris
1686 2294 2020 2357 licentiatus,
2056 2300 2117 2343 ut
2153 2276 2373 2356 vocant,
2419 2292 2690 2353 Alcandro,
2722 2295 2764 2337 et
2815 2354 2825 2369 ι

453 2381 812 2447 Hermonymo
853 2383 1126 2448 Spartiatae
1173 2384 1579 2449 praceptoribus
1616 2389 1813 2433 tantam
1851 2384 2041 2448 graecis
2084 2382 2252 2432 literis
2300 2396 2519 2448 operam
2556 2377 2760 2439 navavit,

452 2474 513 2518 ut
553 2470 664 2535 jam
713 2470 826 2521 sine
877 2472 1074 2521 cortice
1125 2471 1258 2521 citra
1309 2470 1601 2537 periculum
1651 2477 1830 2521 natare
1869 2475 2043 2535 queat.
2119 2470 2199 2520 De
2246 2469 2521 2533 literarum
2559 2473 2609 2517 et
2644 2464 2757 2531 juris

449 2559 756 2623 cognitione
807 2558 941 2609 nihil
978 2557 1176 2609 adtinet
1227 2559 1422 2620 dicere,
1473 2558 1709 2609 moribus
1747 2558 1949 2624 alioqui
1984 2564 2089 2609 tam
2126 2556 2393 2620 candidis,
2434 2562 2494 2607 ιιι
2529 2566 2759 2621 quemque

449 2642 643 2695 bonum
694 2646 761 2695 ad
808 2662 865 2696 se
915 2646 1198 2696 amandum
1250 2647 1557 2713 compellat,
1609 2648 1953 2711 Peutingero,
1990 2646 2230 2709 ErasmO,
2280 2646 2468 2709 Beate,
2505 2643 2759 2707 multisque

448 2739 702 2799 praeterea
747 2734 1071 2784 carissimus.
1150 2734 1535 2800 Vandervigius
1587 2733 1927 2800 Westpbalus
1966 2736 2027 2785 U.
2064 2732 2117 2785 J.
2157 2734 2224 2784 D.
2275 2733 2536 2783 acerrimo
2574 2728 2760 2796 ingenio

451 2836 512 2871 eo
553 2821 871 2887 Capnionem
913 2838 1225 2888 quamquam
1263 2822 1326 2872 de
1365 2824 1499 2873 facie
1538 2824 1888 2889 incognitum,
1928 2838 2104 2873 amore
2141 2821 2493 2889 prosequitur,
2529 2826 2586 2871 ut
2618 2816 2760 2869 maxi-

450 2924 590 2959 mam
627 2909 864 2961 laborum
904 2916 1103 2976 partem
1151 2910 1300 2961 solus
1345 2912 1519 2973 obeat,
1559 2918 1716 2976 utque
1752 2910 1917 2976 (quod
1954 2912 2007 2961 in
2046 2910 2341 2973 causidico,
2376 2916 2493 2961 tum
2529 2908 2762 2975 praecipue

450 2996 791 3058 Romanensi,
846 2999 1170 3049 rarissimum
1222 3002 1320 3061 est)
1373 3000 1625 3065 gratuito.
1714 2999 1977 3063 Quocirca
2026 2999 2143 3060 ubi,
2200 3004 2257 3047 ut
2308 3013 2497 3063 sper0,
2548 2994 2761 3061 capnion

448 3084 809 3149 triumphabit,
845 3084 986 3135 haud
1026 3086 1187 3135 multo
1229 3081 1399 3135 minus
1422 3086 1782 3152 Vandervigio
1824 3087 2051 3150 debebit,
2088 3103 2244 3152 quam
2271 3086 2481 3136 Theseo
2514 3081 2761 3135 Hercules.

449 3171 624 3234 Hujus
663 3173 1056 3223 contubernalis
1095 3174 1357 3225 Martinus
1395 3176 1713 3241 Groningus‚
1751 3182 1802 3226 et
1842 3177 1955 3242 ipse
1990 3173 2432 3240 jurisconsultus,
2470 3172 2564 3223 sed
2601 3182 2764 3236 graecae

451 3258 817 3325 politiorisque
868 3261 1151 3312 literaturae
1196 3264 1352 3328 longe
1396 3262 1629 3328 doctior,
1684 3264 1895 3315 oculare
1946 3263 2219 3330 speculum
2256 3262 2510 3312 latinitati
2558 3256 2763 3315 donavit,

452 3346 610 3411 idque
646 3363 709 3397 ea
747 3348 811 3399 de
841 3364 1030 3411 causa,
1067 3365 1186 3401 cum
1227 3352 1359 3401 forte
1400 3348 1607 3403 fortuna
1640 3351 2001 3418 theologistici
2037 3356 2403 3418 procuratores
2444 3350 2512 3399 ab
2550 3346 2763 3397 auditore

452 3436 738 3487 cardinalis
780 3439 1160 3489 instantissime
1196 3440 1508 3491 sententiam
1546 3446 1799 3507 peterent,
1836 3440 2141 3491 obtulerunt
2166 3446 2407 3489 cacatum
2449 3438 2605 3487 istum
2620 3433 2765 3503 ⁹Colo·

449 3526 712 3576 niensium
749 3525 988 3576 libellum
1027 3528 1457 3593 propositionum,
1495 3536 1550 3579 ιιι
1584 3529 1689 3595 ipsi
1728 3529 1889 3594 ajunt,
1930 3528 1993 3578 de
2032 3527 2133 3579 fide
2172 3532 2539 3593 suspectarum
2575 3531 2626 3573 et
2646 3520 2765 3573 male

445 3614 742 3665 sonantium
782 3616 834 3663 in
873 3615 1090 3680 speculo
1129 3616 1358 3679 oculari,
1407 3632 1566 3683 super
1619 3633 1721 3682 quo
1769 3617 2031 3668 sententia
2084 3616 2319 3665 ferretur.
2397 3604 2764 3675 Vandervigius

453 3701 540 3767 qui
579 3704 728 3765 quasi
780 3702 948 3752 oculis
988 3711 1227 3766 caneret,
1282 3705 1326 3754 si
1377 3704 1432 3753 id
1477 3706 1646 3765 fieret,
1704 3722 1769 3755 ne
1806 3705 2031 3755 salutem
2069 3704 2279 3769 quidem
2312 3704 2487 3769 ipsum
2526 3700 2571 3749 si
2609 3697 2763 3756 vellet,

451 3804 576 3842 suas
613 3797 788 3855 partes
827 3806 1039 3842 servare
1089 3808 1249 3857 posse
1299 3792 1509 3859 excepit
1546 3799 1783 3859 oportere
1831 3792 1897 3842 de
1934 3792 2201 3843 volumine
2239 3789 2624 3841 Reuchliniano
2659 3794 2755 3835 toto

447 3892 552 3928 non
591 3879 644 3927 in
685 3878 848 3929 frusta
877 3887 1072 3941 secato,
1111 3878 1284 3945 (quasi
1311 3882 1502 3948 Pelops
1528 3887 1617 3931 aut
1646 3881 1971 3949 Hyppolitus
1997 3881 2159 3943 esset)
2185 3860 2541 3944 pronunciari.
2612 3878 2767 3938 Atque

454 3963 519 4015 ad
554 3965 691 4017 hanc
724 3981 882 4016 unam
921 3968 1286 4033 exceptionem
1312 3976 1559 4034 tanquam
1597 3968 1661 4018 ad
1698 3985 1901 4021 sacram
1929 3968 2215 4019 anchoram
2240 3976 2351 4017 tum
2376 3961 2764 4031 confugiendum

452 4062 582 4123 erat.
659 4054 871 4105 Placuit
907 4054 960 4103 id
998 4054 1226 4105 auditori
1266 4064 1316 4107 et
1353 4040 1428 4107 ita
1464 4058 1578 4108 fieri
1620 4058 1869 4108 decrevit.
1944 4058 2099 4109 Solus
2136 4062 2264 4107 tunc
2303 4054 2484 4106 aderat
2508 4052 2762 4105 Martinus,

446 4144 536 4209 qui
575 4144 1024 4208 interpretationis
1061 4160 1196 4193 onus
1233 4153 1547 4211 acceptaret.
1626 4147 1691 4197 Et
1725 4147 1931 4197 tametsi
1960 4146 2157 4195 Bremae
2192 4151 2363 4205 uatus,
2400 4142 2493 4193 ubi
2530 4138 2764 4191 dialectus

447 4229 833 4281 Bouchliniana
857 4245 1041 4295 parum
1068 4233 1189 4280 trita
1215 4239 1310 4296 est,
1334 4235 1549 4299 egregie
1574 4234 1775 4285 muneri
1803 4249 1897 4285 suo
1923 4233 2197 4283 satisfecit.
2242 4230 2507 4283 Jacobum
2534 4230 2762 4291 Questen·

448 4317 672 4381 ber-gum
711 4318 1168 4382 persuasissimum
1204 4320 1373 4371 habeo
1411 4322 1497 4371 vel
1532 4322 1674 4374 fama
1713 4323 1811 4373 tibi
1850 4322 2139 4388 cognitum.
2214 4319 2525 4369 Diutissime
2562 4325 2763 4377 namque

448 4406 626 4453 Romae
661 4416 898 4455 versatus
949 4424 1008 4456 eo
1061 4410 1360 4458 autoritatis
1400 4413 1671 4475 pervenit,
1710 4417 1767 4460 ut
1806 4410 1859 4459 in
1898 4408 2193 4461 scribarum
2230 4405 2569 4473 diplomatum
2606 4399 2757 4467 ponti-

449 4490 704 4545 ficialium
742 4494 942 4563 ordine,
981 4510 1132 4564 quem
1170 4496 1632 4555 honoratissimum
1670 4514 1787 4551 esse
1822 4514 1930 4551 non
1966 4498 2204 4572 ignotas,
2232 4511 2417 4570 parem
2447 4494 2540 4549 vix
2572 4488 2754 4548 118Βοῦῆ
