2950 5042
1583 401 1717 473 270

363 676 374 681 ‚
469 604 716 685 quanto
760 595 1030 695 liberius
1089 596 1446 663 infimatsm
1492 595 1577 662 de
1638 594 1853 661 media
1896 591 2085 681 plebe
2148 596 2503 663 hominem:
2550 596 2780 675 Quanto

469 710 665 789 putas
712 726 813 770 me
859 709 1000 769 tum
1047 708 1310 787 captum
1355 702 1789 768 admiratione
1846 722 1994 768 cum
2040 703 2323 787 quodam
2367 702 2597 787 insigni
2654 720 2787 787 gau-

473 809 615 889 dio,
675 810 936 895 quando
999 808 1316 875 universis
1376 802 1927 892 applaudentibus
1988 808 2379 875 audivissem
2424 808 2511 873 ad
2559 825 2785 872 summa
2909 858 2910 893 3

471 921 540 981 te
597 932 817 981 rerum
889 914 1153 998 fastigia
1209 914 1663 979 conscendisse
1736 914 2053 997 optimum
2122 912 2349 998 optimi
2420 906 2789 997 sapientissi-

472 1020 690 1105 mique
723 1018 1038 1105 Principis
1071 1019 1200 1084 divi
1231 1019 1567 1085 Laurentii
1599 1019 1871 1085 Medicis
1902 1018 2127 1099 filium,
2168 1018 2567 1085 recordabar
2598 1018 2789 1084 subito
2909 1002 2910 1025 ³

471 1132 780 1210 tanquam
827 1125 1291 1211 hierophantes
1334 1125 1573 1210 aliquis
1619 1131 1967 1210 paternum
2012 1124 2181 1190 illud
2228 1125 2626 1229 vaticinium
2642 1142 2789 1190 verae
2909 1148 2910 1155 ¹

473 1231 834 1316 prophetias
877 1250 1016 1315 par.

495 1346 504 1353 ’
653 1337 820 1415 Quid
866 1337 988 1403 hac
1035 1359 1116 1403 ex
1145 1336 1503 1403 Laurentio
1546 1335 1772 1401 laurea
1828 1336 2128 1402 fruticari
2186 1342 2403 1421 queat,
2451 1352 2581 1401 non
2624 1332 2791 1398 modo

473 1442 879 1509 {aurentibus
954 1442 1241 1528 populis,
1317 1442 1436 1507 scd
1502 1442 1702 1507 etiam
1783 1442 1907 1507 toti
1975 1440 2122 1507 orbi
2199 1439 2599 1525 preciosius?
2660 1418 2791 1524 'quis

474 1550 684 1635 major
729 1549 1084 1633 excogitari
1115 1548 1466 1614 thesaurus
1497 1548 1705 1631 possit
1734 1568 1930 1632 quam
1968 1548 2053 1613 sit
2082 1546 2243 1613 illud
2274 1552 2463 1612 tuum
2494 1542 2791 1612 ineffabile

477 1662 766 1739 regnum,
813 1656 986 1721 unde
1033 1654 1220 1720 nobis
1267 1671 1491 1720 omnes
1553 1649 1787 1718 divitiae
1832 1658 2155 1737 tanquam
2192 1670 2271 1718 ex
2303 1652 2559 1717 Pactoli
2587 1644 2791 1735 abysso

473 1760 718 1840 fluunt,
777 1780 998 1827 omnes
1067 1760 1458 1843 optimarum
1526 1759 1872 1825 literarum
1918 1765 2216 1839 ornatus,
2282 1764 2349 1824 et
2408 1770 2601 1823 omne
2646 1754 2791 1841 quod

477 1873 580 1933 est
624 1866 690 1930 in
738 1865 1034 1931 humanis
1083 1866 1368 1931 bouum?
1427 1866 1689 1931 Semina
1736 1865 1901 1950 jecit
1958 1871 2179 1949 pater,
2213 1864 2537 1930 universae
2584 1862 2791 1929 veteris

475 1970 898 2057 philosophiae
942 1992 1084 2057 quae
1141 1992 1311 2036 nunc
1343 1977 1435 2037 ‘te
1482 1970 1622 2036 filio
1665 1971 1729 2035 in
1778 1970 2022 2036 culmos
2070 1976 2377 2054 snrgunt,
2442 1976 2525 2034 nt
2570 1976 2635 2035 te
2678 1984 2793 2049 reg-

481 2084 680 2143 nante
752 2076 940 2143 nobis
1001 2078 1212 2161 spicas
1269 2077 1452 2143 illius
1520 2084 1765 2143 metere
1826 2078 2023 2142 liceat
2086 2076 2153 2141 in
2226 2074 2533 2177 omnibus
2587 2072 2791 2157 linguis

483 2204 712 2281 graeca,
759 2184 981 2263 latina,
1030 2182 1309 2263 hebraea,
1356 2183 1650 2263 arabica,
1706 2182 2046 2248 chaldaica
2075 2188 2141 2248 et
2172 2180 2541 2262 chaldiaca,
2586 2179 2793 2265 quibus
2909 2174 2911 2217 ³

477 2288 602 2355 hoc
649 2294 941 2374 tempore
988 2289 1140 2354 libri
1186 2294 1316 2355 tnae
1362 2290 1693 2373 Majestati
1754 2288 2114 2355 offeruntur
2160 2293 2227 2353 et
2272 2286 2549 2353 uberius
2604 2284 2791 2353 omnia

475 2393 900 2480 perficiuntur
1002 2394 1126 2461 sub
1207 2401 1325 2461 tua
1403 2395 1681 2476 ditione,
1761 2414 1906 2479 quse
1989 2400 2146 2459 sunt
2224 2416 2267 2459 a
2342 2398 2623 2476 parente
2694 2396 2789 2454 tuo

475 2501 976 2587 prudentissime
1021 2500 1345 2567 inchoata.

654 2608 870 2687 Quare
916 2608 1205 2691 cogitans
1251 2607 1392 2673 sola
1447 2607 1755 2673 studiosis
1813 2603 2243 2691 Pythagorica
2288 2597 2613 2685 defuisse,
2672 2618 2787 2687 quae

475 2720 693 2779 tamen
751 2713 1028 2797 sparsim
1084 2712 1150 2777 in
1212 2713 1549 2778 academia
1610 2714 2021 2779 laurentiana
2076 2711 2509 2791 delitescunt,
2572 2704 2790 2777 credidi

475 2818 654 2917 haud
696 2820 1024 2904 ingratum
1056 2818 1177 2885 tibi
1205 2818 1520 2898 futurum,
1569 2817 1627 2885 si
1656 2824 1725 2885 et
1756 2840 1859 2885 ea
1854 2817 2006 2885 foro
2038 2816 2356 2897 afferrem,
2402 2836 2555 2901 quse
2586 2808 2791 2901 Pytha-
2909 2848 2910 2881 ι

477 2907 669 3011 goras
746 2926 1129 3011 nobilesque
1190 2924 1580 3009 Pythagorei
1641 2925 1921 2991 sensisse
1984 2923 2292 2989 dicuntur
2335 2927 2412 2989 ut
2457 2928 2574 2987 tuo
2626 2912 2792 2985 foelici

475 3033 736 3097 mimine
782 3031 1180 3117 legerentur,
1225 3031 1461 3097 latinis
1516 3031 1830 3097 hactenus
1889 3030 2154 3113 ignota.
2216 3028 2431 3094 Italiae
2493 3024 2793 3093 Marsilms

478 3136 819 3203 Platonem
880 3137 1104 3217 edidit,
1163 3136 1368 3202 Gallis
1399 3136 1818 3203 Aristotelem
1878 3136 2157 3201 Iacobus
2214 3124 2429 3200 Faber
2482 3130 2793 3216 Stapulcn-

479 3244 568 3311 sis
629 3245 1056 3324 restauravit,
1112 3243 1396 3329 implebo
1451 3261 1791 3309 numerum·
1850 3249 1917 3309 et
1964 3241 2255 3325 Oapnion
2313 3260 2433 3324 ego
2483 3234 2793 3305 Germanis

477 3364 600 3436 per
627 3370 730 3416 me
762 3356 1213 3416 renascentem
1255 3350 1689 3435 Pythagoram
1722 3356 1836 3415 tuo
1884 3347 2125 3414 nomini
2156 3346 2443 3429 dicatum
2481 3340 2790 3411 exhibebo.

475 3455 554 3522 ld
598 3462 816 3523 tamen
858 3457 1106 3541 absque
1131 3456 1555 3523 Hebraeorum
1574 3454 1822 3522 Cabala
1864 3452 2007 3519 fieri
2062 3468 2191 3519 non
2237 3452 2473 3536 potuit,
2520 3468 2599 3517 eo
2647 3440 2793 3533 quod

476 3561 864 3648 Pythagorae
909 3562 1320 3647 philosophia
1379 3560 1462 3627 de
1510 3560 1969 3627 Cabalaeorum·
2008 3558 2355 3643 praeceptis
2401 3556 2594 3627 iniria·
2634 3549 2794 3619 duxit

483 3678 628 3755 quae
682 3675 945 3754 patrum
1005 3668 1316 3735 memoria
1374 3667 1713 3756 discedens
1774 3686 1809 3733 e
1866 3684 2102 3749 magna
2158 3662 2415 3729 Graecia*
2476 3674 2697 3727 rursus
2739 3656 2792 3719 in

482 3773 960 3843 Gabalistarum
1007 3774 1334 3841 volumina
1362 3772 1676 3839 incubuit.
1766 3770 2076 3837 Eruenda
2120 3769 2319 3854 igitur
2360 3767 2515 3833 inde
2560 3765 2793 3833 fuerant

480 3880 620 3949 fere
667 3882 900 3949 omnia.
995 3882 1210 3961 Quare
1256 3880 1337 3947 de
1383 3886 1527 3946 arte
1574 3877 1975 3945 Cabalistica
2028 3895 2172 3962 quse
2210 3872 2573 3961 symbolica
2615 3868 2794 3956 philo-

481 3986 712 4073 sophia
759 3995 861 4055 est
890 3988 1136 4071 scripsi,
1183 3996 1259 4053 ut
1307 3986 1861 4072 Pythagoreorum
1904 3984 2209 4067 dogmata
2240 3978 2551 4047 studiosis
2590 3976 2793 4043 fierent

479 4094 759 4162 notiora.
853 4095 927 4160 In
990 4092 1224 4179 quibus
1271 4092 1567 4158 omnibus
1623 4090 1781 4156 nihil
1852 4086 2099 4155 affirmo
2166 4092 2420 4153 tantum
2473 4090 2623 4151 utut
2680 4076 2791 4164 opi-

481 4206 724 4267 nantur
765 4198 1058 4265 infideles
1104 4200 1328 4278 meite,
1377 4198 1489 4283 qui
1522 4198 1844 4264 Simonem
1890 4196 1931 4261 J
1934 4194 2187 4261 udaeum
2234 4191 2493 4260 Cabalae
2538 4188 2791 4274 peritum

483 4290 775 4373 audituri
837 4290 1316 4372 Francofordiae
1378 4305 1445 4369 in
1506 4324 1701 4369 unam
1764 4320 2123 4387 cauponam
2180 4320 2218 4365 e
2280 4297 2535 4364 diverso
2586 4292 2789 4393 itinere

485 4412 874 4477 conveniunt
920 4410 1248 4477 Philolaus
1301 4409 1523 4497 junior
1569 4410 2013 4496 Pythagoreus
2076 4413 2145 4473 et
2198 4406 2540 4471 Marranus
2596 4396 2789 4465 Maho-

489 4516 768 4584 mctista.
2656 4522 2659 4527 ’
