2950 5042
1555 378 1682 443 144

432 575 679 635 straten
728 591 923 653 super
968 569 1187 636 libello
1236 566 1666 635 diffamatorio
1717 568 1840 635 sibi
1877 566 2168 652 judicem
2232 567 2501 651 elegerit
2521 618 2536 649 ,
2603 569 2771 653 quod

434 694 668 740 excuso
736 674 1103 757 diligenter,
1171 674 1475 759 quoniam
1557 680 1623 739 et
1693 675 2017 740 Caesarem
2087 679 2154 737 et
2219 672 2774 757 archiepiscopum

435 780 878 863 Moguntinum
926 780 1051 845 sibi
1083 799 1340 863 quoque
1378 779 1636 863 jndices
1683 779 1966 863 elegerit.
2061 778 2229 856 Quid
2271 780 2543 844 multis?
2591 780 2775 863 quasi

434 886 611 949 fama
642 906 811 949 nunc
832 884 1018 967 vulgo
1052 884 1228 967 apud
1260 905 1380 948 nos
1400 885 1832 966 percrebruit,
1866 885 2037 968 quod
2068 884 2190 949 hoc
2221 891 2446 950 contra
2473 906 2584 949 me
2617 885 2777 969 cogi-

434 996 645 1055 tatum
704 990 954 1055 facinus
1016 990 1099 1053 ab
1162 989 1386 1053 ordine
1451 996 1666 1057 vestro
1715 990 1974 1055 duxerit
2021 990 2347 1072 originem.
2441 990 2577 1072 Ego
2628 1011 2776 1054 vero

434 1094 596 1159 mihi
648 1096 773 1178 ipsi
826 1095 1221 1178 persuadeO,
1282 1116 1405 1159 non
1468 1094 1563 1159 ita
1611 1116 1786 1173 esse,
1824 1094 1996 1178 quia
2051 1094 2208 1157 mihi
2263 1095 2562 1176 conscius
2615 1116 2776 1172 sum,

437 1199 823 1283 longissimis
886 1221 987 1264 me
1064 1199 1463 1282 temporibus
1538 1199 1816 1266 fratrum
1888 1200 2132 1264 ordinis
2199 1200 2429 1265 sancti·
2464 1200 2778 1264 Dominici

436 1304 705 1369 fratrem
754 1303 973 1383 fuisse,
1022 1310 1088 1369 et
1132 1326 1173 1368 a
1232 1305 1608 1388 provinciali
1667 1304 1994 1389 quondam
2055 1303 2342 1370 Stubach
2417 1288 2775 1370 matriculae

437 1394 716 1475 fratrum
762 1412 1074 1475 insertum
1123 1431 1265 1475 esse
1314 1409 1393 1473 de
1440 1430 1569 1493 quo
1620 1416 1847 1475 extant
1900 1416 2202 1493 patentes
2265 1409 2470 1475 literae
2512 1412 2552 1472 ¹.
2655 1410 2774 1475 De-

442 1518 637 1600 nique
683 1522 990 1598 parentes
1038 1536 1217 1579 meos
1263 1516 1564 1579 Fratrum
1614 1514 1874 1593 ordinis,
1923 1514 2092 1582 bona
2137 1513 2264 1579 fide
2311 1514 2770 1580 ministeriales

437 1621 635 1686 fuisse
672 1622 723 1700 2,
784 1619 959 1704 apud
1024 1641 1186 1704 quos
1248 1626 1316 1685 et
1370 1625 1430 1683 in
1479 1618 1738 1684 Christo
1787 1618 2218 1703 requiescunt.
2312 1620 2456 1685 Huc
2503 1619 2774 1697 accedit,

440 1726 615 1809 quod
674 1726 893 1791 multis
954 1726 1137 1792 annis
1196 1732 1262 1791 et
1314 1726 1380 1789 in
1436 1723 1660 1789 multis
1705 1726 1920 1789 causis
1978 1723 2186 1789 ordini
2232 1732 2449 1791 vestro
2495 1726 2774 1807 patroci-

436 1840 631 1896 natus
678 1853 837 1910 sum,
884 1832 1021 1895 sine
1086 1832 1369 1914 praemiO,
1415 1829 1554 1894 sine
1603 1830 1855 1905 salari0,
1906 1830 1984 1895 de
2034 1831 2270 1914 quibus
2328 1830 2582 1913 longior
2643 1830 2774 1897 fieri

438 1943 661 2019 posset
722 1937 1073 2019 catalogus.
1170 1936 1330 2001 Cum
1392 1934 1592 2017 igitur
1645 1935 1782 2018 ipse
1839 1934 1996 1999 mihi
2057 1935 2348 2001 conscius
2407 1936 2531 2000 sim
2578 1942 2768 2000 tantae

441 2041 931 2119 benevolentiae,
995 2046 1191 2113 tantae
1251 2038 1430 2118 fidei,
1505 2046 1701 2104 tantae
1769 2039 2192 2105 observantiae
2272 2062 2426 2123 erga
2467 2040 2765 2107 ‘ordinem

438 2154 729 2211 vestrum
758 2168 861 2211 me
908 2152 974 2209 et
1006 2167 1146 2210 esse
1180 2151 1246 2209 et
1276 2145 1496 2225 fuisse,
1544 2146 1690 2229 quis
1727 2146 1865 2228 jam
1913 2144 2070 2210 mihi
2101 2152 2324 2228 posset
2353 2146 2768 2228 persuadere,

440 2256 693 2315 tantam
746 2252 811 2314 in
868 2250 1000 2315 ullo
1064 2252 1330 2315 Patrum
1375 2257 1492 2315 aut
1537 2250 1816 2315 fratrum
1870 2258 2235 2315 vestrorum
2299 2273 2440 2317 esse
2501 2234 2769 2317 crudeli·

438 2363 663 2436 tatem,
711 2362 959 2420 tantam
1003 2356 1554 2437 ingratitudinem,
1604 2361 1853 2429 tantam
1914 2356 2471 2437 inhumanitatem,
2519 2364 2599 2421 ut
2631 2358 2763 2441 ejus

443 2468 757 2545 cuperent
802 2461 1199 2525 labefactare
1243 2460 1504 2539 famam,
1553 2461 1666 2544 qui
1713 2482 1938 2525 eorum
2003 2482 2171 2546 saepe
2218 2462 2624 2527 defendisset
2679 2464 2768 2526 in·

436 2567 717 2633 famiam.
788 2566 899 2649 'Te
948 2566 1145 2649 igitur
1189 2565 1475 2643 obsecrO,
1525 2572 1598 2629 ut
1644 2566 2119 2633 venerabilibus
2164 2569 2466 2650 patribus
2513 2568 2764 2646 nostris„

436 2674 714 2739 maxime
788 2677 1007 2735 autem
1080 2670 1337 2754 egregio
1395 2670 1667 2733 Doctori
1724 2670 1970 2737 Jacobo
2007 2672 2031 2709 3
2103 2673 2238 2739 haec
2293 2673 2584 2737 insinues
2651 2672 2766 2737 effi-

441 2781 723 2862 ciasque,
752 2783 829 2841 ut
861 2776 1169 2842 honorem
1201 2795 1415 2841 meum
1443 2775 1592 2858 plus
1626 2780 1932 2841 tueantur
1965 2776 2538 2862 qnamjnfirment.
2598 2778 2764 2843 Vale.

626 2919 951 2979 Gedruckt:
986 2918 1042 2977 J.
1078 2936 1131 2977 ν.
1166 2934 1216 2978 e.
1248 2936 1303 2992 p.
1342 2914 1417 2977 3b
1448 2918 1536 2977 bis
1569 2937 1605 2991 q
1640 2924 1732 2978 la.

1448 3170 1764 3264 cxxx-11.

586 3274 859 3341 Stuttgart.
2303 3283 2335 3331 5
2376 3280 2511 3331 Nov.
2559 3284 2702 3333 1511.

436 3362 1049 3439 Praestantissimo
1105 3364 1526 3440 literatoriee
1584 3368 1757 3440 artis
1815 3364 2370 3471 chalcographo
2419 3370 2760 3471 magistro

440 3488 491 3563 J
496 3489 721 3562 oanni
764 3486 1333 3584 AmorbacchiO,
1390 3489 1536 3563 civi
1572 3489 1982 3587 Basiliensi,
2033 3492 2270 3565 amico
2311 3520 2444 3568 suo
2485 3493 2758 3569 amicis-

952 3612 1136 3685 simo
1195 3611 1342 3715 [JO.
1400 3610 1846 3714 Reuchlin]4
1903 3613 1974 3689 S.
2035 3616 2122 3689 D.
2181 3616 2265 3689 P.

613 3798 819 3885 Cyrus
877 3804 1100 3865 noster
1156 3800 1449 3865 celeriter
1509 3800 1813 3883 arripuit,
1879 3822 2082 3886 quare
2144 3822 2271 3866 non
2331 3804 2520 3887 potui
2579 3802 2660 3867 ad
2701 3804 2759 3863 te

438 3903 734 3989 pluribus
768 3903 809 3968 5.
902 3905 1073 3970 Nihil
1120 3912 1382 3971 tuarum
1419 3905 1760 3969 literarum
1792 3927 1872 3969 ex
1904 3905 2206 3971 nundinis
2238 3910 2484 3991 recepi.
2549 3904 2762 3981 Cred0,

1588 4056 1622 4097 ,ιι

588 4152 609 4197 1
651 4147 746 4199 Ich
784 4148 875 4198 bin
913 4148 1061 4199 nicht
1099 4149 1169 4199 im
1204 4147 1409 4211 mande,
1448 4148 1592 4199 diese
1641 4164 1870 4213 aussage
1911 4149 1999 4200 Rs
2039 4146 2203 4201 durch
2260 4153 2546 4219 zeugnisse
2588 4164 2647 4200 zu
2682 4147 2760 4199 be-

436 4234 610 4299 legen.
760 4240 787 4285 2
828 4222 973 4287 [lber
1012 4238 1096 4287 die
1136 4238 1300 4287 eltern
1336 4237 1627 4291 Renchlins
1667 4237 1774 4303 vgl.
1815 4238 1949 4287 oben
1994 4242 2020 4286 7
2049 4238 2196 4289 Marz
2229 4242 2384 4291 1506.
2539 4242 2568 4289 3
2603 4233 2759 4287 Jacob

437 4322 806 4375 Hochstraten.
952 4329 985 4373 4
1023 4327 1081 4375 R.
1110 4325 1297 4375 hat-zu
1326 4326 1416 4377 der
1441 4325 1652 4375 adresse
1689 4325 1823 4375 noch
1851 4327 2385 4391 hinzugeschrieben:
2427 4324 2760 4378 buchtrucker

440 4425 509 4459 zu
534 4410 705 4463 Basel.
848 4413 879 4461 5
917 4410 1087 4479 Plur.]
1126 4412 1335 4481 becieht
1366 4414 1482 4463 sich
1511 4414 1950 4465 wahrscheinlich
1991 4417 2086 4465 auf
2106 4416 2259 4465 einen
2297 4416 2446 4467 nicht
2479 4414 2758 4467 erhaltenen

440 4496 639 4548 kurzen
679 4498 821 4547 brief
852 4500 965 4562 R.s;
1006 4501 1175 4565 Cyrus
1218 4502 1289 4552 ist
1336 4500 1427 4552 der
1475 4502 1551 4552 oft
1598 4509 1862 4568 genannte
1899 4502 2021 4553 bote
2061 4502 2403 4558 AmerbachS.
