2950 5042
1555 394 1679 464 108

456 588 637 677 cujus
681 608 835 657 sane
893 591 959 655 in
1008 588 1395 655 dictionario
1458 594 1572 655 tuo
1620 588 1852 673 saepius
1912 588 2302 655 mentionem
2347 588 2528 657 facis.
2615 590 2767 685 Prae-

455 702 635 763 terea
683 698 738 762 si
797 716 909 762 ars
966 695 1198 761 cabala
1242 701 1361 761 tua
1423 704 1488 760 et
1553 716 1752 779 opera
1814 701 1882 761 et
1929 694 2218 762 bonitate
2279 695 2346 761 in
2389 696 2596 762 lucem
2639 716 2766 780 pro-

454 801 681 881 dierit,
740 803 922 887 cujus
988 800 1313 867 hebraicae
1370 800 1606 884 linguae
1666 800 1972 866 studiosis
2036 800 2291 884 copiam
2338 807 2404 867 te
2459 802 2762 867 facturum

455 908 801 993 polliceris.
864 907 1048 985 Quod
1082 907 1138 971 si
1182 907 1278 972 ita
1311 912 1432 987 est,
1482 906 1585 973 fac
1617 927 1853 992 quaeSO,
1899 908 2142 991 optime
2173 908 2290 988 vir,
2338 913 2406 974 et
2448 908 2602 973 mihi
2633 929 2764 992 quo·

456 1036 579 1099 que
645 1014 999 1099 impertias.
1106 1014 1433 1097 Praeterea
1511 1018 1824 1097 quantum
1903 1035 1982 1079 ex
2052 1019 2163 1078 tuo
2238 1034 2570 1099 nunquam
2628 1013 2766 1079 satis

454 1118 749 1186 mirando
798 1119 879 1185 de
911 1118 1108 1184 verbo
1156 1117 1426 1186 mirifico
1473 1139 1670 1203 opere
1716 1119 1938 1203 accepi
1984 1120 2056 1183 τὸ
2103 1119 2290 1207 ὄνομα
2336 1118 2769 1210 τετραγράμμα-

458 1249 563 1291 τον
608 1246 755 1291 cum
800 1224 883 1289 he
928 1224 997 1289 in
1042 1222 1189 1289 fime
1236 1223 1653 1291 scribendum
1701 1226 1905 1305 venit,
1953 1225 2075 1291 hoc
2123 1224 2344 1291 modo:
2393 1238 2564 1289 ,Ἧι-τ’.
2650 1226 2766 1307 Ego

458 1352 609 1396 vero
688 1329 957 1394 bibliam
1017 1327 1403 1412 impressam
1465 1330 1682 1414 legens
1747 1352 1942 1415 quam
1987 1330 2146 1395 mihi
2215 1330 2626 1397 doctissimus
2673 1330 2766 1395 ille

456 1442 655 1522 atque
722 1434 1221 1501 humanissimus
1287 1434 1626 1501 Conradus
1692 1437 2038 1519 Peutinger
2106 1436 2512 1502 commodato
2592 1435 2767 1515 dedit,

458 1543 674 1627 recepi
718 1541 880 1608 illud
927 1562 1054 1605 non
1100 1562 1218 1625 per
1263 1540 1373 1621 he,
1420 1540 1538 1607 sed
1585 1540 1805 1607 daleth
1852 1542 1917 1607 in
1963 1540 2088 1609 fine
2137 1542 2366 1622 scribi,
2432 1542 2556 1609 hoc
2600 1540 2765 1607 modo

461 1660 627 1714 *tm-w.
721 1648 1041 1714 Caeterum
1105 1650 1347 1731 praeter
1394 1653 1677 1734 quatuor
1739 1648 2185 1713 distinctiones
2247 1668 2409 1733 quas
2467 1648 2532 1711 in
2581 1646 2768 1731 capite

462 1754 643 1819 tertii
685 1753 835 1819 libri
882 1744 1365 1819 institutionum
1422 1753 1880 1821 hebraicarum
1943 1756 2128 1839 ponis
2189 1752 2444 1820 offendo
2504 1760 2572 1819 et
2629 1752 2766 1817 alios

460 1858 949 1927 distinctionum
1000 1858 1413 1925 characteres
1459 1860 1523 1925 in
1575 1860 1854 1945 praefata
1887 1859 2088 1924 biblia
2121 1908 2272 1926 .....
2326 1860 2385 1939 ¹,
2435 1858 2594 1943 quid
2638 1877 2764 1921 vero

460 1964 583 2029 sibi
630 1964 831 2029 velint
877 1964 1120 2047 ignom.
1216 1965 1490 2031 Demum
1541 1965 1714 2049 quod
1759 1965 2072 2031 chaldaeae
2129 1962 2550 2030 translationi
2595 1964 2764 2029 Jona-

459 2068 592 2135 thae
636 2069 784 2153 plur
813 2090 987 2134 mum
1034 2070 1449 2136 auctoritatis
1497 2071 1760 2137 Hebraei
1807 2071 2123 2150 tribuunt,
2183 2069 2431 2155 placuit
2479 2068 2658 2134 Patri
2705 2086 2765 2131 ac

461 2170 737 2240 Domino
781 2195 926 2239 meo
975 2174 1347 2258 dignissimo
1404 2176 1633 2243 abbati
1682 2176 1738 2257 ²,
1802 2177 2177 2261 politiorum
2220 2176 2563 2242 literarum
2617 2192 2766 2238 amar

463 2281 592 2346 tori
635 2279 983 2364 singulari,
1016 2279 1103 2345 ad
1135 2281 1443 2348 Venetias
1491 2268 1778 2349 scribere
1824 2304 1944 2366 pro
1991 2282 2209 2348 bibliis
2256 2281 2357 2365 (ut
2402 2277 2762 2367 appellant):

460 2385 757 2466 hebraea,
823 2385 1113 2450 chaldaea
1172 2386 1359 2452 simul
1426 2394 1494 2453 et
1552 2410 1762 2471 graeca
1827 2408 1988 2473 quas
2046 2388 2422 2473 propediem
2491 2391 2766 2453 venturas

460 2512 813 2577 speramus,
889 2491 987 2557 Ne
1036 2513 1185 2558 vero
1228 2492 1566 2577 jacturam
1613 2517 1693 2560 ex
1739 2495 2202 2560 elementorum
2237 2492 2263 2531 ³
2310 2492 2764 2558 chaldaicorum

461 2596 867 2681 ignoratione
914 2599 1275 2681 patiamur,
1342 2598 1540 2665 etiam
1589 2606 1786 2685 atque
1847 2601 2045 2665 etiam
2093 2620 2249 2683 rogo
2297 2605 2374 2665 ut
2431 2597 2765 2665 chaldaeum

462 2702 885 2788 alphabetum
946 2710 1063 2771 tua
1123 2725 1320 2769 manu
1369 2712 1710 2773 exaratum
1757 2682 1840 2772 ad
1885 2727 2003 2773 nos
2049 2704 2207 2771 dare
2255 2704 2414 2770 velis
2460 2726 2606 2770 cum
2650 2701 2768 2767 bre·

462 2803 753 2875 viuscul'a
796 2808 1079 2895 quadam
1117 2808 1583 2877 dilucidatione
1615 2811 1660 2877 4.
1729 2812 1917 2891 Quod
1963 2812 2087 2877 etsi
2131 2812 2324 2895 plura
2369 2832 2567 2895 quam
2611 2827 2766 2875 occu-

458 2916 757 2998 pationes
790 2922 927 2981 tuae
976 2916 1272 2981 maximae
1320 2916 1672 2983 admittant
1701 2923 1888 3002 pet0,
1934 2918 2021 2985 ad
2053 2916 2362 2983 discentis
2406 2923 2624 2981 tamen
2665 2913 2768 2977 fer-

459 3042 679 3085 vorem
724 3020 781 3085 si
848 3020 1191 3103 respicias,
1265 3022 1558 3091 laborem
1623 3024 1960 3091 recusabis
2029 3023 2336 3089 nullum„
2393 3022 2552 3087 Vale
2609 3020 2767 3092 bene,

463 3125 771 3191 Germani
818 3128 1175 3209 specimen,
1236 3132 1311 3193 ut
1355 3128 1690 3195 verissime
1738 3129 1905 3195 Titio
1954 3128 1980 3169 ⁵
2027 3129 2108 3195 de
2155 3135 2220 3193 te
2267 3128 2522 3209 cecinit,
2568 3122 2768 3191 nobili-

461 3237 692 3317 tasque
740 3230 877 3295 soli.
970 3232 1069 3295 Ex
1116 3232 1518 3317 Ottenpurra
1565 3240 1604 3299 8
1653 3234 1798 3301 Kal.
1849 3236 2056 3320 Majas
2107 3233 2298 3301 1509.

636 3356 780 3417 Msc.
825 3357 1108 3433 Ellenbog
1143 3354 1167 3393 ⁶
1212 3360 1273 3419 in
1304 3359 1664 3422 Ottobeuren
1707 3362 1930 3422 abschr.
1965 3378 2020 3421 v.·
2064 3364 2230 3422 1779
2265 3361 2364 3420 lib.
2399 3362 2428 3420 1
2473 3362 2636 3436 epist.
2681 3354 2766 3414 70.

458 3462 559 3527 fol.
598 3467 716 3525 61*Ξι
744 3464 832 3525 bis
868 3466 1001 3525 622.

1603 3619 1640 3655 ot·

606 3728 625 3770 l
671 3718 857 3786 biblia]
898 3719 1077 3786 folgen
1115 3721 1291 3787 einige
1330 3723 1760 3785 accentzeichen,
1815 3708 1900 3773 die
1941 3725 2039 3773 wie
2078 3721 2210 3773 alles
2263 3722 2574 3773 hebraische
2611 3720 2660 3768 in
2695 3714 2767 3765 det

458 3808 791 3863 handschrift
826 3808 947 3859 sehr
989 3808 1301 3861 undeutlich
1340 3812 1448 3861 und
1488 3811 1770 3863 fehlerhaft
1807 3806 2158 3879 geschrieben'
2191 3811 2326 3861 sind.
2454 3814 2480 3860 2
2525 3801 2766 3860 Leonhard

460 3897 807 3948 Wiedemann
844 3914 886 3949 s.
926 3914 975 3949 0.
1014 3913 1127 3948 nro.
1166 3897 1248 3948 CI.
1358 3901 1389 3949 3
1430 3900 1689 3953 elemento
1735 3904 1778 3950 1.
1924 3904 1955 3949 4
1997 3899 2364 3950 dilucitatione
2407 3904 2451 3949 1.
2561 3896 2590 3947 5
2625 3888 2765 3955 Titio]

461 3986 668 4038 Sebast.
708 3986 925 4049 Brandt‚
963 3986 1068 4052 vgl.
1109 3986 1297 4037 desscn
1336 3988 1473 4040 oben
1512 4004 1623 4037 nro.
1661 3988 1784 4039 LVI
1821 4004 1866 4037 a.
1907 3990 1936 4037 3
1977 3988 2317 4055 angefiihrtes
2357 3987 2598 4055 Elogium
2639 3979 2768 4036 1496,

462 4072 648 4125 desscn
690 4081 826 4125 erste
864 4090 1013 4125 verse
1050 4075 1260 4126 lauten:

879 4202 1117 4269 Capnion
1155 4183 1386 4255 illustres
1423 4206 1560 4255 inter
1596 4202 1929 4255 memorande
1968 4210 2174 4270 poetas,

880 4290 1125 4341 Germani
1165 4292 1457 4358 specimen,
1495 4291 1858 4357 nobilitasque
1896 4294 2016 4344 soli.

462 4420 493 4467 6
534 4415 662 4467 Eine
700 4431 905 4483 genaue
944 4418 1337 4495 beschreibung
1374 4420 1465 4473 der
1504 4420 1785 4479 bandschr.
1823 4438 1868 4475 s.
1908 4426 2094 4477 &steria
2127 4419 2606 4489 ·vierteljahrsschr.
2654 4428 2696 4463 u·
2724 4424 2756 4461 ⁸·

464 4518 529 4555 w.
568 4519 610 4561 s,
651 4506 775 4561 443.
