2950 5042
1349 421 1480 489 277

1159 774 1166 781 .
1251 710 1556 781 CCXLII.

373 796 654 863 stuttgart.
2064 806 2131 855 30
2172 803 2306 854 Juni
2352 808 2503 854 151⁷.

530 885 585 962 J
587 912 862 961 oannes
919 882 1284 963 Reuchlin
1339 915 1439 963 an
1494 889 1549 964 J
1550 888 1673 965 oh.
1732 890 1997 965 Franz.
2057 892 2278 968 Picus

232 1030 568 1112 bedauert,
597 1037 768 1099 trotz
799 1032 1066 1118 eifrigen
1095 1033 1448 1116 forechens,
1482 1037 1661 1105 seine
1691 1037 1961 1123 anfi-age
1991 1038 2156 1107 iiber
2178 1039 2285 1107 die
2315 1039 2545 1107 hebrai

231 1137 426 1205 schen
444 1158 632 1205 verse
651 1137 832 1207 nieht
851 1138 1296 1209 beantworten
1320 1164 1399 1223 zu
1421 1140 1697 1209 konnen.
1746 1142 1901 1211 Was
1926 1165 1998 1211 er
2023 1144 2188 1212 iiber
2204 1145 2327 1213 den
2346 1167 2549 1230 gagen

229 1244 425 1311 stand
467 1244 672 1324 wisse,
719 1243 890 1311 habe
937 1266 1010 1312 er
1051 1245 1120 1313 in
1167 1248 1376 1315 einem
1405 1246 1637 1329 werke,
1683 1269 1769 1315 an
1800 1248 1951 1315 dem
1982 1272 2054 1315 er
2089 1252 2257 1337 jetzt
2296 1250 2569 1333 afficite,

235 1349 354 1430 „de
379 1349 796 1417 accentibus“
831 1374 892 1419 u.
909 1372 958 1419 s.
985 1353 1099 1419 w.¹
1133 1352 1589 1439 niedergelegt.
1624 1353 1881 1421 Seltene
1912 1353 2297 1423 hebraische
2319 1354 2566 1422 biicher

223 1456 332 1523 die
377 1478 453 1523 er
499 1455 741 1525 besitze
757 1506 774 1537 ,
829 1456 998 1525 habe
1047 1480 1119 1525 er
1160 1459 1229 1525 in
1275 1460 1520 1527 seinem
1567 1458 1779 1527 werke
1825 1458 1906 1527 de
1953 1467 2096 1529 arte
2140 1460 2570 1529 cabbalistica

224 1567 542 1647 genannt3
587 1561 755 1631 doch
801 1562 966 1647 gabe
1015 1586 1084 1631 es
1130 1564 1239 1631 fiir
1283 1564 1503 1633 solche
1547 1572 1743 1633 unter
1787 1565 1914 1633 den
1960 1566 2315 1633 deutschen
2363 1564 2572 1653 juden

223 1668 462 1735 keiuen
507 1668 946 1751 abschreiber,
993 1670 1142 1737 weit
1187 1670 1343 1739 eher
1388 1672 1578 1739 liesse
1627 1671 1765 1739 sich
1810 1671 2001 1739 dafur
2046 1672 2112 1739 in
2160 1674 2319 1741 Rom
2382 1673 2561 1739 einer

219 1774 460 1843 finden.
553 1775 945 1859 Stutgardiae
989 1776 1154 1861 prid.
1202 1776 1322 1845 cal.
1371 1777 1689 1857 Quintiles
1739 1784 1929 1845 1517.

403 1898 730 1963 Gedruokt:
777 1924 862 1958 Ξ
891 1904 948 1964 J.
985 1922 1036 1965 v.
1073 1920 1124 1965 e.
1157 1908 1185 1963 t
1217 1906 1276 1965 3.

1235 2129 1571 2198 GCXLIII.

366 2216 714 2269 Ottobauren.
2066 2227 2126 2274 12
2166 2224 2308 2289 Aug.
2342 2224 2497 2273 1617.

381 2306 640 2381 Frater
692 2305 1052 2383 Nicolaus
1107 2306 1487 2409 Ellenbog
1540 2306 1913 2413 Oapnioni
1966 2338 2121 2387 suo,
2182 2310 2256 2387 S.
2320 2311 2411 2387 D.

405 2452 693 2520 Colende
748 2461 1142 2541 praeceptor,
1197 2456 1398 2525 libros
1459 2463 1609 2526 tuos
1666 2456 2097 2526 Cabalisticos
2166 2480 2245 2524 ea
2317 2457 2565 2542 perlegi

223 2558 568 2647 diligentia
613 2580 807 2646 quam
851 2568 1204 2644 merentur,
1248 2563 1372 2629 hoc
1419 2569 1524 2630 est
1566 2562 1849 2629 maxima.
1862 2563 1905 2628 ².
1976 2562 2108 2629 Sed
2152 2584 2273 2629 nec
2318 2562 2571 2629 calamo

222 2666 593 2751 exprimere
624 2687 900 2749 possem,
948 2674 1194 2755 quanta
1223 2670 1577 2753 voluptate,
1626 2674 1874 2755 quanta
1904 2668 2103 2734 animi
2135 2667 2569 2734 delectatione

221 2770 610 2838 mellifluum
631 2770 795 2838 illud
818 2779 1002 2839 tuum
1021 2795 1182 2858 opus
1204 2774 1492 2860 legerim.
1546 2774 1651 2840 Dii
1665 2772 1835 2853 boni,
1849 2794 2044 2859 quam
2072 2773 2353 2858 elegans,
2367 2793 2566 2859 quam

223 2898 546 2964 pressum,
595 2898 792 2963 quam
823 2880 1155 2963 copiosum
1203 2887 1272 2947 et
1316 2901 1668 2966 praegnans.
1734 2877 2121 2945 Blandiatur
2152 2878 2279 2946 sibi
2308 2876 2563 2945 Graecia

235 2990 810 3071 quantumcunque
843 2984 998 3051 velit
1021 2992 1090 3051 et
1128 2985 1442 3053 bonarum
1486 2986 1905 3053 scientiarum
1952 2985 2237 3051 omnium
2258 2985 2565 3069 repertri-

234 3112 374 3158 cem
401 3095 471 3171 et
499 3089 988 3157 illustratricem
1035 3113 1104 3157 se
1128 3093 1356 3178 jactet,
1406 3114 1523 3177 ego
1569 3098 1791 3159 autem
1822 3092 2083 3159 Graecos
2115 3112 2261 3158 cum
2293 3090 2564 3158 Platone

230 3219 386 3263 vero
407 3218 647 3282 pueros
671 3196 1096 3281 appellandos
1119 3197 1508 3265 crediderim
1524 3203 1593 3264 et
1604 3197 1915 3265 Hebraeos
1937 3220 2016 3264 ex
2036 3198 2272 3285 quibus
2287 3184 2569 3264 mutuati

228 3309 384 3371 sunt
430 3302 663 3383 omnia,
709 3324 838 3369 non
867 3323 1070 3387 parvo
1101 3304 1444 3371 intervallo
1467 3304 1881 3390 praetulerim.
1928 3304 2095 3371 Vere
2128 3303 2305 3370 salus
2338 3326 2417 3370 ex
2445 3304 2574 3369 He-

230 3410 424 3478 braeis
458 3415 527 3475 et
565 3410 772 3475 omnis
825 3409 1136 3477 doctrinae
1174 3416 1240 3475 et
1276 3410 1702 3495 philosophiae
1733 3409 1979 3476 fluenta
2008 3410 2161 3477 inde
2211 3410 2577 3475 scaturiunt

234 3524 301 3583 et
331 3520 641 3581 emanant
670 3514 1022 3582 uberrime.
1101 3516 1246 3583 Non
1278 3537 1543 3602 possum
1576 3516 1738 3583 satis
1784 3514 2010 3581 mirari
2050 3515 2281 3599 linguae
2328 3520 2569 3581 sanctae

232 3621 616 3708 dignitatem
663 3627 732 3687 et
778 3622 1277 3703 succulentiam‚
1339 3624 1523 3709 cujus
1568 3621 1879 3711 mysteria
1924 3620 2009 3689 ad
2053 3620 2316 3707 plenum
2362 3619 2579 3704 expis-

231 3729 366 3795 cari
434 3734 785 3813 nequeunt.
889 3729 1278 3796 Persuasum
1349 3730 1540 3815 plane
1608 3727 1767 3793 mihi
1846 3734 1950 3794 est
2010 3726 2238 3793 literas
2311 3732 2573 3792 sanctas

235 3834 442 3920 primo
488 3833 690 3899 fuisse
749 3833 1050 3901 confusas
1106 3841 1174 3901 et
1233 3834 1694 3921 inglomeratas
1741 3839 1809 3900 et
1851 3853 1970 3917 pro
2031 3839 2227 3917 captu
2292 3832 2573 3917 cujusvis

237 3941 409 4008 docti
455 3960 534 4006 ac
580 3939 857 4006 studiosi
892 3934 1022 4006 ‘viri
1069 3962 1260 4026 posse
1308 3962 1549 4026 susque
1595 3940 1806 4025 deque
1852 3938 2058 4005 locari
2102 3944 2171 4003 et
2214 3936 2573 4003 combinari

236 4047 318 4113 ad
372 4044 762 4113 fabricanda
827 4046 1156 4131 signacula
1215 4059 1284 4113 et
1343 4045 1632 4113 eruenda
1682 4045 1993 4131 mysteria.
2050 4042 2575 4127 profundissima.

235 4154 307 4220 In
350 4152 852 4219 admirationem
880 4159 1227 4237 praeterea
1255 4154 1668 4221 immodicam
1711 4172 1815 4217 me
1862 4150 2107 4218 ducunt
2148 4147 2578 4216 Hebraeorum

1391 4284 1424 4322 ak

380 4377 402 4423 l
446 4372 499 4424 S.
549 4376 713 4425 uuten
761 4389 873 4425 nro.
925 4374 1075 4427 CCL.
1223 4378 1252 4425 2
1295 4372 1467 4425 Sehon
1514 4374 1569 4430 in
1621 4372 1737 4423 dem
1787 4371 1929 4423 brief
1970 4386 2034 4420 au
2092 4368 2221 4421 Joh.
2260 4369 2567 4435 Max-quardi

249 4461 452 4513 lasau
495 4467 655 4526 1517,
693 4478 738 4514 a.
777 4477 825 4513 a.
863 4480 913 4515 o.
969 4479 1047 4530 ep.
1089 4464 1183 4526 26,
1226 4461 1320 4514 fol.
1365 4465 1429 4512 32
1480 4462 1597 4529 gibt
1642 4460 1905 4529 Ellenbog
1952 4460 2127 4511 seiner
2171 4457 2613 4544 bewunderung.

247 4550 322 4607 fur
357 4552 644 4608 Reuchlins
689 4554 831 4607 work
868 4551 1138 4607 lebhnften
1177 4550 1453 4605 ausdruck.
