2950 5042
1274 402 1399 469 119

210 583 431 669 quidem
494 590 811 655 communi
871 589 1277 659 literatorum
1345 592 1770 663 incommodo.
1865 594 2044 663 Solet
2097 597 2264 665 enim
2313 599 2486 683 plae-

209 712 445 776 rumque
486 694 723 778 pituita
770 697 863 763 eis
909 698 1018 782 qui
1064 698 1272 763 literis
1320 704 1473 765 sunt
1503 700 1728 781 dediti,
1773 701 2144 783 molestare,
2191 704 2366 788 quod
2409 726 2490 771 ex

206 796 456 864 Marsilio
496 799 548 865 F
548 799 719 867 icino
754 802 777 839 ¹
832 802 898 867 in
946 824 1061 869 suo
1097 803 1123 843 ²
1168 804 1247 869 de
1296 804 1540 888 triplici
1585 808 1718 873 vita
1764 808 2072 892 opusculo
2121 808 2293 875 haud
2339 830 2486 875 con-

202 903 501 971 temnendo
565 905 591 945 ³
668 907 835 973 scire
880 908 1170 993 potuisti.
1260 910 1439 975 Deus
1487 910 1786 995 Optimus
1831 913 2184 994 Maximus,
2247 934 2288 979 a
2357 936 2486 998 quo

200 1009 368 1075 omnis
418 1011 695 1093 medela,
743 1013 975 1093 faciat,
1030 1021 1107 1080 ut
1166 1036 1361 1099 quam
1423 1016 1704 1101 primum
1765 1018 2034 1085 sanitati
2091 1018 2480 1100 restituaris,

197 1119 254 1179 ut
288 1116 505 1182 nedum
550 1118 709 1184 mihi
752 1125 827 1185 ut
870 1120 1196 1204 polliceris
1243 1121 1593 1207 aliquando
1641 1123 1950 1206 prodesse
1981 1123 2209 1208 possis,
2255 1142 2480 1189 verum

196 1219 353 1285 etiam
409 1222 529 1287 toti
614 1223 927 1291 ecclesiae
1005 1224 1383 1291 catholicae.
1495 1227 1818 1305 Quantam
1908 1228 2076 1295 enim
2151 1230 2480 1313 jacturam

198 1324 350 1405 (citra
411 1327 851 1395 adulationem
919 1330 1175 1415 loquor)
1252 1332 1601 1398 immatura
1680 1339 1797 1399 tua
1875 1353 2050 1399 mors
2127 1332 2478 1399 universali

197 1429 453 1498 ecclesiae
516 1434 805 1501 allatura
870 1437 955 1501 sit
975 1486 990 1516 ‚
1058 1457 1249 1501 nemo
1304 1436 1560 1521 ignorat
1623 1438 1746 1503 nisi
1802 1438 2138 1505 literarum
2191 1438 2474 1521 ignarus.

197 1535 425 1603 Rursum
484 1561 643 1605 vero
712 1548 1025 1625 quantum
1101 1543 1233 1607 vita
1290 1543 1527 1608 comite
1597 1543 1799 1609 sacris
1870 1542 2077 1609 literis
2137 1542 2474 1627 invigilans

203 1640 456 1721 prodesse
511 1647 730 1728 possis
786 1646 913 1711 dici
958 1668 1083 1713 non
1130 1654 1347 1731 potest
1367 1697 1382 1727 ‚
1428 1649 1834 1732 potissimum
1878 1652 2066 1713 tanta
2111 1648 2475 1715 eruditione

208 1751 252 1807 et
288 1746 640 1831 linguarum
688 1751 1067 1835 pluralitate
1114 1751 1381 1836 pollens.
1473 1754 1608 1835 Ego
1657 1773 1832 1833 sane,
1887 1758 1963 1817 ut
2006 1753 2198 1837 petis,
2241 1774 2360 1838 pro
2405 1759 2473 1819 te

208 1849 511 1934 dignissime
561 1858 696 1936 vir,
758 1878 944 1923 orare
1016 1878 1211 1941 quam
1270 1856 1640 1923 fidelissime
1717 1879 1845 1923 non
1915 1857 2182 1924 cessabo
2213 1859 2261 1921 ⁴.
2378 1858 2474 1923 Tu

198 1976 305 2023 vero
344 1960 451 2025 ubi
498 1963 853 2038 sanitatem
886 1964 1370 2045 recuperaveris
1390 1962 1433 2043 ⁵,
1483 1962 1885 2029 secularibus
1929 1962 2322 2047 posthabitis
2365 1984 2474 2029 ne-

190 2064 359 2145 gociis,
400 2066 487 2131 ad
535 2067 789 2133 divinas
838 2068 1159 2133 eruendas
1205 2069 1562 2151 scripturas
1611 2074 1784 2134 totus
1841 2068 2174 2135 incumbas
2219 2088 2468 2152 precor.

188 2166 368 2235 Audeo
414 2172 591 2236 enim
638 2172 761 2237 hoc
790 2173 947 2237 mihi
978 2172 1269 2256 polliceri
1300 2174 1357 2237 si
1392 2175 1511 2237 tali
1543 2180 1607 2239 te
1648 2172 2008 2239 firmaveris
2042 2174 2066 2213 ⁶
2110 2174 2466 2258 proposito,

186 2274 482 2343 sanitatem
564 2276 685 2342 tibi
750 2278 1125 2362 propediem
1192 2279 1315 2343 deo
1392 2279 1710 2363 largiente
1783 2299 2208 2345 reversuram.
2305 2279 2466 2345 Vale

184 2376 509 2449 doctissime
583 2384 680 2447 vir
740 2390 807 2449 et
860 2406 993 2464 me,
1041 2390 1117 2449 ut
1176 2384 1367 2463 facie,
1440 2406 1588 2450 ama
1622 2384 1663 2450 ⁷.
1754 2386 1852 2450 Ex
1911 2383 2324 2450 Ottbenbura
2386 2388 2465 2449 12

180 2483 363 2551 Kalen.
412 2488 813 2555 Februarias
867 2495 1053 2555 1510.

327 2602 352 2655 1
394 2621 471 2651 =
504 2599 965 2673 Ellenbogsches
996 2600 1349 2671 manuscript
1378 2597 1475 2659 fol.
1515 2595 1702 2659 65⁸·1)
1732 2598 1832 2657 lib.
1868 2600 1896 2657 Ι
1925 2616 2014 2672 ep.
2051 2601 2164 2672 75;
2215 2603 2254 2659 2
2287 2619 2372 2653 π
2404 2600 2466 2659 C.

179 2716 219 2757 v.
248 2717 290 2761 e.
320 2698 413 2778 gb3
464 2709 501 2765 3
544 2726 632 2758 ==
664 2706 720 2764 J.
756 2723 811 2765 v.
846 2722 895 2763 e.
932 2706 987 2765 h.
1019 2698 1147 2775 iiib3
1198 2708 1237 2763 4
1271 2724 1355 2757 ε
1388 2704 1452 2764 Ο.
1483 2723 1540 2765 v.
1575 2722 1624 2765 e.
1659 2704 1714 2765 Π
1743 2704 1842 2766 fol.
1877 2699 2018 2764 47b.

1182 2888 1441 2955 CX1112.

287 2975 350 3045 (9)
1912 2980 1932 3024 1
1977 2976 2121 3026 Mara
2159 2978 2320 3043 (1510
2333 2980 2398 3044 2³).

628 3082 975 3157 Erasmus
1015 3081 1041 3121 ⁸
1094 3082 1506 3157 Reuchlino
1563 3108 1693 3155 suo
1751 3078 1824 3156 S.
1884 3081 1974 3154 D.

312 3232 458 3297 Jam
493 3230 521 3269 ⁹
556 3228 655 3295 bis
686 3230 771 3295 ad
804 3236 869 3295 te
916 3230 1165 3313 scripsi,
1209 3230 1509 3295 fortassis
1557 3228 1978 3311 negligentius
2027 3248 2219 3313 quam
2251 3228 2473 3295 decuit

176 3333 239 3399 ad
275 3342 527 3403 tantum
578 3336 801 3415 virum,
849 3335 961 3400 sed
1009 3342 1225 3401 tamen
1272 3334 1477 3400 amice
1527 3332 2050 3417 simpliciterque.
2143 3334 2231 3398 At
2274 3339 2350 3399 tu
2388 3354 2470 3399 ne

287 3543 307 3587 1
347 3540 459 3590 Das
500 3538 812 3604 angefiibrte
855 3538 993 3587 wei-k
1036 3553 1137 3587 von
1180 3468 1447 3586 Marlleilius
1487 3536 1702 3585 Ficinus
1737 3535 1808 3584 ist
1853 3533 1974 3583 sehr
2025 3533 2208 3599 haufig
2243 3532 2470 3583 crsobie·

178 3637 271 3687 nen3
323 3627 406 3678 die
459 3627 651 3677 alteste
698 3626 931 3691 ausgabe
988 3627 1057 3675 ist
1106 3625 1243 3675 wohl
1294 3625 1379 3673 die
1430 3623 1567 3673 ohne
1615 3622 1752 3684 tit013
1807 3623 1862 3671 in
1901 3621 1974 3673 kl.
2023 3620 2132 3682 fol„
2184 3636 2264 3669 sm
2314 3620 2472 3671 ende:
2580 3627 2584 3629 ’

182 3710 407 3778 Impressit
465 3731 533 3765 ex
564 3715 875 3779 'archetypo
933 3714 1193 3763 Antonius
1248 3712 1630 3761 Mischominus
1675 3711 1684 3776 Ι
1729 3710 2008 3760 Florentiae
2063 3708 2216 3758 Anno
2280 3707 2473 3758 salutis

178 3797 655 3855 MCCGOLXXXIX
698 3804 707 3869 Ι
748 3802 923 3852 Tertio
973 3802 1155 3851 Nonas
1205 3801 1474 3851 Decembr.
1520 3801 1805 3865 {darunter
1853 3798 1948 3849 das
2001 3796 2472 3848 buchdruckcrzci-

177 3887 299 3941 chen.
418 3896 449 3942 2
491 3892 545 3940 in
586 3890 699 3957 suo]
738 3891 1001 3955 platonico
1040 3890 1135 3938 illo
1175 3888 1488 3955 philosopho
1531 3893 1612 3937 2..
1651 3892 1698 3937 4.
1828 3890 1858 3936 3
1898 3885 2054 3935 haud.
2097 3890 2233 3935 cont.
2271 3884 2470 3951 opusc-J

176 3980 446 4040 opuseulum
502 3979 643 4030 haud
690 3977 1121 4029 contemnendum
1175 3978 1357 4043 legens
1400 3982 1444 4025 2.
1472 4012 1485 4025 .
1526 3981 1572 4025 4.
1720 3980 1752 4024 4
1789 3992 1891 4025 non
1931 3974 2086 4040 cesa]
2125 3972 2263 4039 apud
2318 3971 2472 4023 deum

175 4076 255 4113 non
298 4067 541 4119 desistam
594 4072 673 4117 2..
728 4072 775 4117 4.
921 4070 953 4117 5
1008 4067 1203 4132 recep]
1251 4064 1644 4129 recuperaveris
1696 4067 1778 4113 2..
1817 4066 1866 4111 4.
2029 4064 2059 4111 6
2106 4062 2269 4111 tali..
2321 4059 2471 4128 firm.]

174 4151 431 4214 ejusmodi.
454 4192 468 4207 .
508 4157 793 4207 armaveris
841 4160 887 4205 2.
910 4192 921 4204 .
962 4159 1010 4204 4.
1168 4158 1195 4203 7
1242 4153 1392 4203 doct.
1416 4188 1429 4202 .
1470 4167 1588 4203 ama
1625 4150 1848 4215 ausgel„
1887 4150 2066 4200 dafiir:
2105 4150 2256 4201 foelix
2303 4153 2384 4199 2..
2424 4152 2472 4198 4.

174 4238 341 4295 Datum
376 4244 579 4310 ausgel.
626 4250 669 4294 l.
744 4244 845 4293 Die
894 4241 1318 4306 abweiehungen
1368 4242 1423 4291 in
1464 4243 1602 4291 2..4
1647 4238 1766 4287 sind
1803 4238 2000 4297 derart,
2055 4236 2176 4287 dass
2202 4251 2347 4287 ,man
2385 4250 2474 4285 an-

174 4328 371 4383 nehmen
403 4347 575 4393 musa,
629 4330 838 4381 Ellonb.
874 4328 1011 4379 habe
1050 4330 1231 4379 seinen
1269 4328 1433 4391 brief,
1487 4328 1648 4379 bevor
1691 4342 1746 4375 er
1797 4326 1888 4375 ihn
1939 4324 2288 4389 abgeschickt
2323 4324 2477 4386 habe,

177 4418 300 4467 stark
348 4420 655 4471 verbessert.
709 4454 713 4459 -
802 4421 833 4467 8
883 4403 1029 4467 fiber
1076 4418 1325 4467 Erasmus
1374 4417 1482 4481 vgl.
1533 4414 1618 4465 (lie
1667 4419 1918 4463 neuesten
1967 4411 2218 4463 schriften
2259 4412 2477 4473 Dur-and

180 4500 233 4562 fle
264 4504 443 4570 Laurea
482 4508 628 4568 Paris
661 4509 811 4579 1872,
852 4510 879 4565 2
908 4505 1012 4565 vol.
1054 4504 1159 4560 und
1188 4504 1537 4563 Drummond:
1577 4501 1800 4587 {concion
1829 4501 1981 4570 1873,
2021 4497 2050 4555 2
2091 4500 2196 4554 vol.
2307 4502 2338 4553 9
2379 4500 2478 4549 Dic
