2950 5042
1274 380 1361 447 93

219 568 585 649 vocabularii,
628 568 895 639 tertium
936 568 1017 638 de
1046 574 1193 639 arte
1240 568 1662 653 grammatica
1705 575 1774 637 et
1817 570 1956 656 ejus
2003 568 2482 639 exercitatione.

215 675 511 761 Inscriptio
554 675 745 761 hujus
812 675 961 743 libri
1006 680 1141 741 est:
1214 673 1295 741 de
1340 674 1726 741 rudimentis
1769 674 2092 743 hebraicis
2113 726 2128 756 ,
2187 698 2262 744 eo
2308 675 2484 762 quod

212 802 315 847 non
345 782 470 867 jam
512 780 741 863 doctis,
783 781 899 847 sed
942 779 1217 846 rudibus
1262 799 1341 845 ac
1387 780 1763 848 erudiendis
1811 802 1890 847 ea
1945 782 2278 847 volumina
2317 802 2487 849 com-

210 887 495 972 posuerim
516 936 531 967 ,
599 886 903 971 deinceps
948 885 1187 952 altiora
1232 884 1353 951 deo
1416 890 1742 953 annuente
1803 886 2109 968 daturus,
2167 906 2336 972 quae
2399 884 2486 953 ad

209 1012 444 1058 arcanae
486 991 897 1077 Pythagorae
942 989 1347 1075 disciplinam
1394 997 1463 1057 et
1505 997 1717 1057 artem
1763 992 2224 1059 Cabalisticam
2271 992 2487 1058 deser-

206 1098 369 1177 viunt,
406 1118 447 1162 a
501 1096 756 1163 nemine
810 1116 1081 1180 prorsus
1136 1094 1500 1177 intellecta,
1571 1096 1696 1163 nisi
1757 1096 2079 1163 Hebraico
2137 1095 2484 1182 praedocto.

208 1202 370 1268 Recte
435 1223 587 1268 vero
646 1200 1041 1286 speraverim
1100 1198 1427 1285 quoslibet
1489 1201 1815 1285 religionis
1877 1202 2286 1270 Christianae
2349 1209 2486 1268 stu·

206 1305 380 1373 diosos
422 1329 545 1374 non
592 1312 731 1371 tam
776 1305 1064 1371 libenter·
1099 1325 1142 1370 a
1186 1305 1459 1371 Judaeis
1505 1324 1702 1391 quam
1747 1306 1864 1373 abs
1909 1311 1977 1373 te
2023 1308 2364 1375 sacerdote
2418 1312 2487 1373 et

206 1432 236 1477 a
270 1413 650 1497 memetipso,
714 1430 1109 1496 quamquam
1170 1409 1399 1477 uxorio
1450 1412 1491 1492 ¹,
1545 1413 1676 1479 ista
1724 1412 2051 1498 suscipere
2097 1412 2490 1479 Rudimenta

206 1516 497 1599 Hebraica,
544 1518 789 1603 quippe
835 1516 1131 1601 utrisque
1164 1516 1553 1584 Christianis
1585 1523 1654 1583 et
1685 1538 1764 1583 ex
1806 1517 2191 1602 parentibus
2221 1514 2492 1583 Christi-

212 1622 311 1687 anis
348 1622 618 1708 Georgio
666 1628 735 1688 ct
776 1621 991 1687 Elissa
1022 1619 1408 1687 Phorcensis
1438 1622 1769 1707 municipii
1800 1622 2045 1689 civibus
2075 1622 2410 1706 prognatis
2444 1620 2493 1685 ².

217 1724 401 1794 Hortor
445 1751 600 1815 ergo
650 1734 751 1807 te,
816 1725 907 1791 mi
964 1723 1255 1809 Dionysi,
1323 1734 1401 1794 ut
1466 1728 1552 1794 ad
1611 1728 1872 1795 laudem
1929 1733 1996 1795 et
2049 1726 2320 1811 gloriam
2367 1724 2490 1792 Dei

219 1833 381 1915 optimi
421 1834 711 1915 maximi,
758 1838 957 1919 atque
991 1829 1345 1896 utilitatem
1376 1852 1602 1899 sacrae
1635 1832 2017 1917 scripturae,
2068 1831 2260 1899 simul
2294 1830 2493 1897 etiam

206 1935 263 2000 ad
308 1940 845 2025 praeparationem
910 1934 1544 2003 abstrusissimarnm
1587 1940 1828 2005 artium
1875 1944 1941 2005 et
2002 1936 2496 2023 antiquissimae

202 2042 511 2123 priscorum
569 2041 1021 2129 philosophiae
1080 2041 1251 2107 hunc
1311 2040 1550 2109 librum
1613 2044 1908 2129 pluribus
1969 2042 2218 2109 idoneis
2236 2092 2252 2123 ,
2311 2040 2497 2107 indu-

202 2148 463 2235 striisque
529 2147 910 2216 hominibus
974 2146 1365 2231 impertiaris
1384 2197 1401 2227 ,
1479 2156 1802 2233 quatenus
1876 2149 2191 2215 auxiliare
2265 2166 2496 2213 nomen

200 2250 282 2317 dei
320 2254 546 2319 summi
596 2254 943 2338 conspicue
988 2256 1397 2335 agnoscatur,
1444 2252 1793 2337 diligenter
1835 2260 2092 2320 ametur
2141 2258 2208 2319 et
2251 2251 2499 2317 ferven-

201 2354 408 2423 tissime
452 2344 799 2439 laudetur,
847 2356 1022 2443 quod
1070 2362 1170 2423 est
1214 2355 1628 2424 benedictum
1675 2359 1742 2424 in
1787 2358 2026 2425 saecula
2067 2358 2110 2423 ⁸.
2199 2358 2387 2425 Nunc
2431 2356 2499 2421 in

204 2462 350 2529 calce
406 2464 814 2549 praefationis
871 2463 995 2529 hoc
1056 2481 1258 2526 unum
1304 2461 1717 2531 admonuisse
1764 2470 1830 2531 te
1888 2465 2076 2531 velim
2095 2513 2110 2544 ‚
2175 2462 2350 2549 quod
2395 2461 2501 2529 hic

201 2566 341 2635 liber
398 2569 723 2637 contraris
771 2567 1019 2635 Latinis
1080 2588 1259 2633 more
1322 2567 1634 2653 legendus
1697 2574 1826 2650 est,
1874 2570 1990 2654 qui
2035 2569 2204 2635 enim
2249 2568 2499 2653 primns

204 2680 447 2757 putatur
478 2674 854 2761 quinternio
899 2674 955 2739 is
1002 2671 1269 2739 ultimus
1313 2679 1546 2741 exstat.
1637 2674 2200 2741 Transversandus
2231 2674 2260 2713 ⁴
2303 2672 2503 2758 igitur

1316 2817 1351 2857 at

309 2914 330 2960 1
369 2908 609 2977 uxorius]
644 2926 685 2959 s.
724 2923 770 2960 o.
812 2910 877 2959 27
912 2906 1047 2959 Juni
1088 2908 1221 2957 1512
1258 2923 1371 2959 nro.
1404 2906 1670 2960 LXXXV.
1803 2912 1831 2959 2
1872 2908 1973 2959 Die
2011 2908 2176 2961 eltern
2215 2904 2504 2961 Renchlins

190 2996 381 3049 standen
416 2999 491 3050 im
544 2998 749 3048 dienste
798 2995 889 3046 der
924 2995 1287 3046 dominikaner
1322 2996 1376 3045 in
1414 2995 1744 3061 Pforzheim,
1796 2997 1906 3065 vgl.
1943 2998 2116 3049 meine
2151 2998 2277 3049 Mel.
2316 2997 2504 3049 Oratio

193 3095 225 3131 s.
256 3086 312 3136 67
345 3103 420 3152 sq.
489 3087 601 3135 Der
636 3092 825 3135 mutter
863 3082 1141 3134 erricbtete
1179 3082 1435 3135 Reucblin
1474 3085 1628 3135 einen
1665 3084 1938 3153 grabatein
1975 3085 2072 3136 mit
2107 3086 2199 3137 der
2233 3085 2505 3141 inschrifts

193 3168 444 3226 ELISSAE.
494 3170 786 3243 ER-,INAE
837 3170 1183 3240 GEOR-1G11.
1220 3172 1636 3243 REVCHL-JIN.
1677 3172 1908 3225 VXORI.
1945 3172 2139 3243 soff}
2181 3174 2506 3239 CAPNION,

189 3258 447 3329 m-lles.
488 3260 733 3311 MATRI.
766 3258 771 3328 Ι
803 3260 1277 3312 PIENTISSIMAE
1306 3258 1313 3329 Ι
1352 3260 1624 3312 POSVIT.
1664 3260 1836 3327 Majus
1871 3278 1912 3317 s.
1946 3266 2062 3315 140.
2171 3266 2202 3315 3
2228 3264 2429 3315 seculai
2463 3267 2506 3315 1.

190 3350 213 3395 4
242 3346 725 3417 Transversandus]
776 3347 1027 3400 Dieselbe
1074 3347 1344 3415 mahnung
1392 3348 1593 3416 spricht
1636 3365 1720 3400 am
1764 3350 1976 3405 schluss
2021 3352 2113 3405 des
2162 3351 2364 3403 buchen
2408 3350 2508 3403 fol·

195 3438 361 3498 gender
397 3440 621 3491 Canon:

598 3525 714 3576 Non
752 3531 831 3576 est
867 3523 1003 3575 liber
1037 3523 1293 3590 legendus
1329 3524 1417 3575 hic
1453 3539 1550 3576 ceu
1588 3525 1751 3577 ceteri

602 3612 813 3664 Faciem
853 3613 1069 3663 sinistra
1106 3611 1320 3662 dextera
1355 3611 1566 3663 dorsum
1601 3620 1719 3663 tene

604 3700 672 3753 Et
708 3701 772 3752 de
808 3702 1023 3751 sinistra
1056 3699 1278 3767 paginas
1315 3700 1381 3751 ad
1421 3700 1688 3751 dexteram

608 3788 961 3855 Quaecumque
996 3794 1157 3851 verte,
1194 3803 1330 3853 quae
1367 3788 1536 3839 latina
1571 3789 1769 3841 videris

607 3877 797 3943 Legito
836 3877 1024 3941 latine,
1062 3876 1293 3941 Hebraea
1327 3877 1374 3928 si
1410 3878 1516 3927 sint
1552 3878 1712 3929 insita

598 3964 643 4013 A
681 3964 895 4016 dextera
931 3964 1158 4030 legenda
1200 3970 1325 4017 sunt
1360 3965 1734 4017 sinistrorsum.

190 4041 469 4099 Sonderbar
514 4065 690 4117 genug
737 4053 829 4103 hat
870 4050 1111 4103 Miinster
1156 4053 1212 4102 in
1258 4052 1351 4103 der
1400 4054 1621 4104 aweiten
1670 4051 1900 4120 auflage,
1951 4052 2035 4105 die
2065 4070 2138 4107 ·er
2173 4070 2275 4105 von
2311 4053 2510 4105 diesem

188 4132 345 4184 werke
379 4139 783 4205 veranstaltete,
834 4140 920 4191 die
958 4140 1084 4192 aber
1120 4141 1223 4192 wie
1252 4140 1403 4205 jedes
1440 4142 1634 4191 andere
1669 4142 1807 4194 buch
1844 4158 1949 4193 von
1986 4143 2130 4194 links
2165 4142 2302 4195 nach
2336 4141 2514 4195 recht·

190 4220 329 4284 geht,
382 4222 565 4275 diesen
614 4219 805 4294 passus
863 4228 1171 4280 abdrucken
1222 4228 1416 4281 lassen.
1487 4217 1724 4280 Khnlieh
1769 4236 1888 4296 sagt
1937 4230 2170 4281 «Ioannes
2209 4232 2516 4283 Pinicianun

193 4305 286 4370 (am
320 4310 455 4361 ende
497 4313 547 4362 in
576 4314 677 4366 der
710 4323 872 4367 unten
913 4321 937 4366 1
975 4314 1106 4367 Juni
1149 4318 1284 4367 1514
1321 4318 1674 4383 angefiihrten
1709 4317 1898 4368 schrift
1931 4316 2386 4385 Boschenstcins)=

599 4402 707 4453 Hic
744 4401 930 4471 lingua
965 4404 1165 4471 triplici
1199 4405 1422 4471 loquens
1459 4403 1680 4457 libellus
2261 4394 2283 4413 ⁸

603 4482 721 4543 Non
756 4497 839 4544 est
872 4499 931 4543 ut
966 4492 1157 4561 reliqui
1192 4490 1317 4545 libri
1351 4492 1631 4560 legendus,
