<?xml version="1.0" encoding="UTF-8"?>
<!DOCTYPE html PUBLIC "-//W3C//DTD XHTML 1.0 Transitional//EN"
    "http://www.w3.org/TR/xhtml1/DTD/xhtml1-transitional.dtd">
<html xmlns="http://www.w3.org/1999/xhtml" xml:lang="en" lang="en">
 <head>
  <title>
</title>
<meta http-equiv="Content-Type" content="text/html;charset=utf-8" />
  <meta name='ocr-system' content='tesseract 3.04.00' />
  <meta name='ocr-capabilities' content='ocr_page ocr_carea ocr_par ocr_line ocrx_word'/>
</head>
<body>
  <div class='ocr_page' id='page_1' title='image "./johannreuchlins00geiggoog/johannreuchlins00geiggoog_0168.png"; bbox 0 0 2950 5042; ppageno 0'>
   <div class='ocr_carea' id='block_1_1' title="bbox 1595 384 1721 455">
    <p class='ocr_par' dir='ltr' id='par_1_1' title="bbox 1595 384 1721 455">
     <span class='ocr_line' id='line_1_1' title="bbox 1595 384 1721 455; baseline 0.024 -3"><span class='ocrx_word' id='word_1_1' title='bbox 1595 384 1721 455; x_wconf 84' lang='lat'><strong>158</strong></span> 
     </span>
    </p>
   </div>
   <div class='ocr_carea' id='block_1_2' title="bbox 457 574 2806 3086">
    <p class='ocr_par' dir='ltr' id='par_1_2' title="bbox 490 574 2792 1607">
     <span class='ocr_line' id='line_1_2' title="bbox 491 574 2784 664; baseline 0 -21"><span class='ocrx_word' id='word_1_2' title='bbox 491 576 814 643; x_wconf 81' lang='lat' dir='ltr'><strong>brevitate</strong></span> <span class='ocrx_word' id='word_1_3' title='bbox 873 583 1027 644; x_wconf 87' lang='lat' dir='ltr'><strong>tunc</strong></span> <span class='ocrx_word' id='word_1_4' title='bbox 1083 578 1397 661; x_wconf 83' lang='lat' dir='ltr'><strong>temporis</strong></span> <span class='ocrx_word' id='word_1_5' title='bbox 1456 582 1793 645; x_wconf 84' lang='lat' dir='ltr'><strong>coartatus</strong></span> <span class='ocrx_word' id='word_1_6' title='bbox 1839 574 2074 643; x_wconf 87' lang='lat' dir='ltr'><strong>fuisset</strong></span> <span class='ocrx_word' id='word_1_7' title='bbox 2087 624 2103 657; x_wconf 93' lang='lat'><strong>,</strong></span> <span class='ocrx_word' id='word_1_8' title='bbox 2157 597 2280 661; x_wconf 85' lang='lat' dir='ltr'><strong>per</strong></span> <span class='ocrx_word' id='word_1_9' title='bbox 2325 598 2515 664; x_wconf 86' lang='lat' dir='ltr'><strong>quam</strong></span> <span class='ocrx_word' id='word_1_10' title='bbox 2557 576 2784 663; x_wconf 87' lang='lat' dir='ltr'><strong>quidem</strong></span> 
     </span>
     <span class='ocr_line' id='line_1_3' title="bbox 492 681 2784 750; baseline 0 -3"><span class='ocrx_word' id='word_1_11' title='bbox 492 681 998 750; x_wconf 73' lang='lat' dir='ltr'><strong>declarationem</strong></span> <span class='ocrx_word' id='word_1_12' title='bbox 1059 704 1269 749; x_wconf 86' lang='lat' dir='ltr'><strong>meam</strong></span> <span class='ocrx_word' id='word_1_13' title='bbox 1330 682 1619 750; x_wconf 82' lang='lat' dir='ltr'><strong>satisfeci</strong></span> <span class='ocrx_word' id='word_1_14' title='bbox 1687 681 1930 748; x_wconf 89' lang='lat' dir='ltr'><strong>multis·</strong></span> <span class='ocrx_word' id='word_1_15' title='bbox 1973 682 2169 749; x_wconf 85' lang='lat' dir='ltr'><strong>etiam</strong></span> <span class='ocrx_word' id='word_1_16' title='bbox 2227 682 2606 750; x_wconf 76' lang='lat' dir='ltr'><strong>doctissimis</strong></span> <span class='ocrx_word' id='word_1_17' title='bbox 2656 683 2784 748; x_wconf 84' lang='lat' dir='ltr'><strong>viris</strong></span> 
     </span>
     <span class='ocr_line' id='line_1_4' title="bbox 492 787 2786 874; baseline -0.001 -21"><span class='ocrx_word' id='word_1_18' title='bbox 492 794 563 854; x_wconf 90' lang='lat' dir='ltr'><strong>et</strong></span> <span class='ocrx_word' id='word_1_19' title='bbox 606 788 929 854; x_wconf 81' lang='lat' dir='ltr'><strong>illustravi</strong></span> <span class='ocrx_word' id='word_1_20' title='bbox 972 788 1178 855; x_wconf 86' lang='lat' dir='ltr'><strong>ferme</strong></span> <span class='ocrx_word' id='word_1_21' title='bbox 1224 810 1445 855; x_wconf 88' lang='lat' dir='ltr'><strong>omnes</strong></span> <span class='ocrx_word' id='word_1_22' title='bbox 1490 788 1995 874; x_wconf 84' lang='lat' dir='ltr'><strong>propositiones,</strong></span> <span class='ocrx_word' id='word_1_23' title='bbox 2052 787 2154 853; x_wconf 88' lang='lat' dir='ltr'><strong>vel</strong></span> <span class='ocrx_word' id='word_1_24' title='bbox 2216 789 2524 872; x_wconf 85' lang='lat' dir='ltr'><strong>majorem</strong></span> <span class='ocrx_word' id='word_1_25' title='bbox 2567 794 2786 872; x_wconf 87' lang='lat' dir='ltr'><strong>partem</strong></span> 
     </span>
     <span class='ocr_line' id='line_1_5' title="bbox 492 892 2787 978; baseline -0.001 -20"><span class='ocrx_word' id='word_1_26' title='bbox 492 913 736 974; x_wconf 86' lang='lat' dir='ltr'><strong>earum,</strong></span> <span class='ocrx_word' id='word_1_27' title='bbox 783 914 946 978; x_wconf 92' lang='lat' dir='ltr'><strong>quas</strong></span> <span class='ocrx_word' id='word_1_28' title='bbox 976 892 1133 959; x_wconf 88' lang='lat' dir='ltr'><strong>mihi</strong></span> <span class='ocrx_word' id='word_1_29' title='bbox 1174 894 1701 977; x_wconf 80' lang='lat' dir='ltr'><strong>praestantissimi</strong></span> <span class='ocrx_word' id='word_1_30' title='bbox 1745 899 1812 959; x_wconf 88' lang='lat' dir='ltr'><strong>et</strong></span> <span class='ocrx_word' id='word_1_31' title='bbox 1843 892 2205 975; x_wconf 84' lang='lat' dir='ltr'><strong>gravissimi</strong></span> <span class='ocrx_word' id='word_1_32' title='bbox 2233 900 2459 977; x_wconf 92' lang='lat' dir='ltr'><strong>patres</strong></span> <span class='ocrx_word' id='word_1_33' title='bbox 2491 892 2787 959; x_wconf 86' lang='lat' dir='ltr'><strong>facultatis</strong></span> 
     </span>
     <span class='ocr_line' id='line_1_6' title="bbox 490 997 2788 1084; baseline -0.001 -19"><span class='ocrx_word' id='word_1_34' title='bbox 490 1004 622 1065; x_wconf 80' lang='lat' dir='ltr'><strong>tuae</strong></span> <span class='ocrx_word' id='word_1_35' title='bbox 681 1020 849 1065; x_wconf 90' lang='lat' dir='ltr'><strong>nunc</strong></span> <span class='ocrx_word' id='word_1_36' title='bbox 907 999 1425 1078; x_wconf 86' lang='lat' dir='ltr'><strong>transmiserunt,</strong></span> <span class='ocrx_word' id='word_1_37' title='bbox 1483 998 1871 1077; x_wconf 80' lang='lat' dir='ltr'><strong>scribentes,</strong></span> <span class='ocrx_word' id='word_1_38' title='bbox 1931 997 2108 1081; x_wconf 89' lang='lat' dir='ltr'><strong>quod</strong></span> <span class='ocrx_word' id='word_1_39' title='bbox 2167 998 2260 1063; x_wconf 90' lang='lat' dir='ltr'><strong>eis</strong></span> <span class='ocrx_word' id='word_1_40' title='bbox 2320 997 2478 1084; x_wconf 91' lang='lat' dir='ltr'><strong>ipsis</strong></span> <span class='ocrx_word' id='word_1_41' title='bbox 2525 999 2788 1065; x_wconf 85' lang='lat' dir='ltr'><strong>videatur</strong></span> 
     </span>
     <span class='ocr_line' id='line_1_7' title="bbox 492 1098 2787 1189; baseline -0.001 -19"><span class='ocrx_word' id='word_1_42' title='bbox 492 1124 597 1170; x_wconf 88' lang='lat' dir='ltr'><strong>me</strong></span> <span class='ocrx_word' id='word_1_43' title='bbox 642 1124 771 1170; x_wconf 91' lang='lat' dir='ltr'><strong>non</strong></span> <span class='ocrx_word' id='word_1_44' title='bbox 818 1102 1014 1170; x_wconf 84' lang='lat' dir='ltr'><strong>satis</strong></span> <span class='ocrx_word' id='word_1_45' title='bbox 1058 1124 1179 1187; x_wconf 89' lang='lat' dir='ltr'><strong>pro</strong></span> <span class='ocrx_word' id='word_1_46' title='bbox 1208 1102 1361 1169; x_wconf 90' lang='lat' dir='ltr'><strong>fidei</strong></span> <span class='ocrx_word' id='word_1_47' title='bbox 1406 1124 1566 1169; x_wconf 78' lang='lat' dir='ltr'><strong>meoe</strong></span> <span class='ocrx_word' id='word_1_48' title='bbox 1598 1106 1992 1187; x_wconf 80' lang='lat' dir='ltr'><strong>synceritate</strong></span> <span class='ocrx_word' id='word_1_49' title='bbox 2025 1124 2222 1188; x_wconf 87' lang='lat' dir='ltr'><strong>super</strong></span> <span class='ocrx_word' id='word_1_50' title='bbox 2249 1102 2381 1170; x_wconf 89' lang='lat' dir='ltr'><strong>illis</strong></span> <span class='ocrx_word' id='word_1_51' title='bbox 2415 1098 2787 1189; x_wconf 77' lang='lat' dir='ltr'><strong>expurgasse.</strong></span> 
     </span>
     <span class='ocr_line' id='line_1_8' title="bbox 496 1205 2789 1297; baseline -0 -25"><span class='ocrx_word' id='word_1_52' title='bbox 496 1209 583 1274; x_wconf 92' lang='lat' dir='ltr'><strong>At</strong></span> <span class='ocrx_word' id='word_1_53' title='bbox 613 1230 732 1293; x_wconf 88' lang='lat' dir='ltr'><strong>ego</strong></span> <span class='ocrx_word' id='word_1_54' title='bbox 772 1208 929 1294; x_wconf 93' lang='lat' dir='ltr'><strong>quid</strong></span> <span class='ocrx_word' id='word_1_55' title='bbox 970 1207 1191 1274; x_wconf 87' lang='lat' dir='ltr'><strong>satis</strong></span> <span class='ocrx_word' id='word_1_56' title='bbox 1223 1208 1311 1274; x_wconf 89' lang='lat' dir='ltr'><strong>sit</strong></span> <span class='ocrx_word' id='word_1_57' title='bbox 1350 1209 1445 1275; x_wconf 90' lang='lat' dir='ltr'><strong>eis</strong></span> <span class='ocrx_word' id='word_1_58' title='bbox 1493 1208 1779 1274; x_wconf 85' lang='lat' dir='ltr'><strong>futurum</strong></span> <span class='ocrx_word' id='word_1_59' title='bbox 1827 1205 1949 1294; x_wconf 89' lang='lat' dir='ltr'><strong>(ita</strong></span> <span class='ocrx_word' id='word_1_60' title='bbox 1993 1228 2096 1273; x_wconf 88' lang='lat' dir='ltr'><strong>me</strong></span> <span class='ocrx_word' id='word_1_61' title='bbox 2128 1208 2303 1273; x_wconf 90' lang='lat' dir='ltr'><strong>Deus</strong></span> <span class='ocrx_word' id='word_1_62' title='bbox 2335 1208 2538 1297; x_wconf 90' lang='lat' dir='ltr'><strong>amet)</strong></span> <span class='ocrx_word' id='word_1_63' title='bbox 2581 1210 2789 1293; x_wconf 87' lang='lat' dir='ltr'><strong>ignoro.</strong></span> 
     </span>
     <span class='ocr_line' id='line_1_9' title="bbox 493 1312 2792 1398; baseline -0.001 -18"><span class='ocrx_word' id='word_1_64' title='bbox 493 1314 721 1381; x_wconf 84' lang='lat' dir='ltr'><strong>Potest</strong></span> <span class='ocrx_word' id='word_1_65' title='bbox 791 1334 925 1379; x_wconf 87' lang='lat' dir='ltr'><strong>una</strong></span> <span class='ocrx_word' id='word_1_66' title='bbox 982 1312 1339 1398; x_wconf 88' lang='lat' dir='ltr'><strong>eademque</strong></span> <span class='ocrx_word' id='word_1_67' title='bbox 1402 1334 1511 1379; x_wconf 88' lang='lat' dir='ltr'><strong>res</strong></span> <span class='ocrx_word' id='word_1_68' title='bbox 1580 1313 1774 1379; x_wconf 87' lang='lat' dir='ltr'><strong>alteri</strong></span> <span class='ocrx_word' id='word_1_69' title='bbox 1827 1314 1988 1379; x_wconf 87' lang='lat' dir='ltr'><strong>satis</strong></span> <span class='ocrx_word' id='word_1_70' title='bbox 2049 1333 2224 1392; x_wconf 89' lang='lat' dir='ltr'><strong>esse,</strong></span> <span class='ocrx_word' id='word_1_71' title='bbox 2283 1313 2480 1380; x_wconf 86' lang='lat' dir='ltr'><strong>alteri</strong></span> <span class='ocrx_word' id='word_1_72' title='bbox 2549 1314 2792 1379; x_wconf 86' lang='lat' dir='ltr'><strong>minime.</strong></span> 
     </span>
     <span class='ocr_line' id='line_1_10' title="bbox 495 1417 2791 1505; baseline -0.001 -20"><span class='ocrx_word' id='word_1_73' title='bbox 495 1417 779 1485; x_wconf 84' lang='lat' dir='ltr'><strong>Satietas</strong></span> <span class='ocrx_word' id='word_1_74' title='bbox 814 1420 835 1459; x_wconf 86' lang='lat'>¹</span> <span class='ocrx_word' id='word_1_75' title='bbox 909 1419 1078 1484; x_wconf 89' lang='lat' dir='ltr'><strong>enim</strong></span> <span class='ocrx_word' id='word_1_76' title='bbox 1139 1420 1206 1485; x_wconf 89' lang='lat' dir='ltr'><strong>in</strong></span> <span class='ocrx_word' id='word_1_77' title='bbox 1264 1420 1401 1486; x_wconf 90' lang='lat' dir='ltr'><strong>solo</strong></span> <span class='ocrx_word' id='word_1_78' title='bbox 1470 1418 1754 1484; x_wconf 82' lang='lat' dir='ltr'><strong>satiandi</strong></span> <span class='ocrx_word' id='word_1_79' title='bbox 1826 1419 2038 1484; x_wconf 85' lang='lat' dir='ltr'><strong>animo</strong></span> <span class='ocrx_word' id='word_1_80' title='bbox 2093 1418 2391 1486; x_wconf 87' lang='lat' dir='ltr'><strong>consistit</strong></span> <span class='ocrx_word' id='word_1_81' title='bbox 2453 1442 2574 1505; x_wconf 88' lang='lat' dir='ltr'><strong>pro</strong></span> <span class='ocrx_word' id='word_1_82' title='bbox 2631 1418 2791 1485; x_wconf 85' lang='lat' dir='ltr'><strong>modo</strong></span> 
     </span>
     <span class='ocr_line' id='line_1_11' title="bbox 498 1524 1686 1607; baseline 0 -18"><span class='ocrx_word' id='word_1_83' title='bbox 498 1524 892 1607; x_wconf 88' lang='lat' dir='ltr'><strong>recipientis,</strong></span> <span class='ocrx_word' id='word_1_84' title='bbox 939 1536 1009 1591; x_wconf 87' lang='lat' dir='ltr'><strong>et</strong></span> <span class='ocrx_word' id='word_1_85' title='bbox 1052 1544 1179 1591; x_wconf 90' lang='lat' dir='ltr'><strong>non</strong></span> <span class='ocrx_word' id='word_1_86' title='bbox 1225 1525 1323 1590; x_wconf 86' lang='lat' dir='ltr'><strong>rei</strong></span> <span class='ocrx_word' id='word_1_87' title='bbox 1366 1529 1686 1607; x_wconf 66' lang='lat' dir='ltr'><strong>receptes.l</strong></span> 
     </span>
    </p>

    <p class='ocr_par' dir='ltr' id='par_1_3' title="bbox 457 1626 2806 3086">
     <span class='ocr_line' id='line_1_12' title="bbox 672 1626 2791 1714; baseline -0.001 -19"><span class='ocrx_word' id='word_1_88' title='bbox 672 1630 769 1695; x_wconf 92' lang='lat' dir='ltr'><strong>Tu</strong></span> <span class='ocrx_word' id='word_1_89' title='bbox 815 1650 967 1695; x_wconf 83' lang='lat' dir='ltr'><strong>vero</strong></span> <span class='ocrx_word' id='word_1_90' title='bbox 1014 1630 1245 1696; x_wconf 87' lang='lat' dir='ltr'><strong>doctor</strong></span> <span class='ocrx_word' id='word_1_91' title='bbox 1288 1629 1579 1714; x_wconf 84' lang='lat' dir='ltr'><strong>egregie,</strong></span> <span class='ocrx_word' id='word_1_92' title='bbox 1623 1629 1784 1695; x_wconf 86' lang='lat' dir='ltr'><strong>mihi</strong></span> <span class='ocrx_word' id='word_1_93' title='bbox 1827 1629 2039 1710; x_wconf 90' lang='lat' dir='ltr'><strong>crede,</strong></span> <span class='ocrx_word' id='word_1_94' title='bbox 2085 1635 2154 1696; x_wconf 89' lang='lat' dir='ltr'><strong>et</strong></span> <span class='ocrx_word' id='word_1_95' title='bbox 2202 1630 2530 1697; x_wconf 81' lang='lat' dir='ltr'><strong>memoriae</strong></span> <span class='ocrx_word' id='word_1_96' title='bbox 2572 1626 2791 1707; x_wconf 79' lang='lat' dir='ltr'><strong>manda,</strong></span> 
     </span>
     <span class='ocr_line' id='line_1_13' title="bbox 457 1732 2794 1820; baseline -0.001 -20"><span class='ocrx_word' id='word_1_97' title='bbox 457 1734 598 1801; x_wconf 89' lang='lat' dir='ltr'><strong>&#39;me</strong></span> <span class='ocrx_word' id='word_1_98' title='bbox 661 1735 787 1801; x_wconf 91' lang='lat' dir='ltr'><strong>tibi</strong></span> <span class='ocrx_word' id='word_1_99' title='bbox 828 1735 897 1802; x_wconf 90' lang='lat' dir='ltr'><strong>id</strong></span> <span class='ocrx_word' id='word_1_100' title='bbox 941 1735 1325 1817; x_wconf 87' lang='lat' dir='ltr'><strong>affirmasse,</strong></span> <span class='ocrx_word' id='word_1_101' title='bbox 1385 1757 1508 1819; x_wconf 91' lang='lat' dir='ltr'><strong>pro</strong></span> <span class='ocrx_word' id='word_1_102' title='bbox 1574 1756 1650 1801; x_wconf 86' lang='lat' dir='ltr'><strong>eo</strong></span> <span class='ocrx_word' id='word_1_103' title='bbox 1716 1734 2055 1819; x_wconf 80' lang='lat' dir='ltr'><strong>desyderio</strong></span> <span class='ocrx_word' id='word_1_104' title='bbox 2120 1735 2295 1820; x_wconf 92' lang='lat' dir='ltr'><strong>quod</strong></span> <span class='ocrx_word' id='word_1_105' title='bbox 2363 1742 2466 1801; x_wconf 89' lang='lat' dir='ltr'><strong>est</strong></span> <span class='ocrx_word' id='word_1_106' title='bbox 2524 1735 2674 1801; x_wconf 91' lang='lat' dir='ltr'><strong>mihi</strong></span> <span class='ocrx_word' id='word_1_107' title='bbox 2729 1732 2794 1798; x_wconf 86' lang='lat' dir='ltr'><strong>ad</strong></span> 
     </span>
     <span class='ocr_line' id='line_1_14' title="bbox 491 1836 2792 1919; baseline -0.002 -14"><span class='ocrx_word' id='word_1_108' title='bbox 491 1839 673 1905; x_wconf 78' lang='lat' dir='ltr'><strong>illum</strong></span> <span class='ocrx_word' id='word_1_109' title='bbox 735 1840 1239 1907; x_wconf 84' lang='lat' dir='ltr'><strong>clarissimorum</strong></span> <span class='ocrx_word' id='word_1_110' title='bbox 1295 1847 1365 1907; x_wconf 87' lang='lat' dir='ltr'><strong>et</strong></span> <span class='ocrx_word' id='word_1_111' title='bbox 1418 1840 1941 1907; x_wconf 85' lang='lat' dir='ltr'><strong>doctissimorum</strong></span> <span class='ocrx_word' id='word_1_112' title='bbox 2000 1840 2283 1905; x_wconf 82' lang='lat' dir='ltr'><strong>virorum</strong></span> <span class='ocrx_word' id='word_1_113' title='bbox 2343 1846 2611 1919; x_wconf 86' lang='lat' dir='ltr'><strong>coetum,</strong></span> <span class='ocrx_word' id='word_1_114' title='bbox 2661 1836 2792 1904; x_wconf 82' lang='lat' dir='ltr'><strong>velle</strong></span> 
     </span>
     <span class='ocr_line' id='line_1_15' title="bbox 492 1943 2794 2038; baseline -0.003 -26"><span class='ocrx_word' id='word_1_115' title='bbox 492 1966 615 2026; x_wconf 89' lang='lat' dir='ltr'><strong>me,</strong></span> <span class='ocrx_word' id='word_1_116' title='bbox 662 1945 907 2013; x_wconf 88' lang='lat' dir='ltr'><strong>relictis</strong></span> <span class='ocrx_word' id='word_1_117' title='bbox 954 1946 1249 2013; x_wconf 89' lang='lat' dir='ltr'><strong>omnibus</strong></span> <span class='ocrx_word' id='word_1_118' title='bbox 1294 1946 1572 2025; x_wconf 84' lang='lat' dir='ltr'><strong>auxiliis,</strong></span> <span class='ocrx_word' id='word_1_119' title='bbox 1621 1946 1958 2038; x_wconf 83' lang='lat' dir='ltr'><strong>cupienter</strong></span> <span class='ocrx_word' id='word_1_120' title='bbox 2003 1966 2146 2011; x_wconf 87' lang='lat' dir='ltr'><strong>esse</strong></span> <span class='ocrx_word' id='word_1_121' title='bbox 2191 1946 2257 2011; x_wconf 91' lang='lat' dir='ltr'><strong>in</strong></span> <span class='ocrx_word' id='word_1_122' title='bbox 2305 1946 2480 2013; x_wconf 90' lang='lat' dir='ltr'><strong>bona</strong></span> <span class='ocrx_word' id='word_1_123' title='bbox 2537 1943 2794 2012; x_wconf 82' lang='lat' dir='ltr'><strong>amicicia</strong></span> 
     </span>
     <span class='ocr_line' id='line_1_16' title="bbox 494 2049 2796 2133; baseline -0.002 -18"><span class='ocrx_word' id='word_1_124' title='bbox 494 2050 825 2116; x_wconf 82' lang='lat' dir='ltr'><strong>facultatis</strong></span> <span class='ocrx_word' id='word_1_125' title='bbox 882 2058 1043 2133; x_wconf 70' lang='lat' dir='ltr'><strong>tute,</strong></span> <span class='ocrx_word' id='word_1_126' title='bbox 1096 2058 1164 2117; x_wconf 91' lang='lat' dir='ltr'><strong>et</strong></span> <span class='ocrx_word' id='word_1_127' title='bbox 1222 2051 1543 2117; x_wconf 88' lang='lat' dir='ltr'><strong>universis</strong></span> <span class='ocrx_word' id='word_1_128' title='bbox 1589 2050 1770 2117; x_wconf 84' lang='lat' dir='ltr'><strong>vobis</strong></span> <span class='ocrx_word' id='word_1_129' title='bbox 1817 2051 2194 2117; x_wconf 82' lang='lat' dir='ltr'><strong>satisfacere</strong></span> <span class='ocrx_word' id='word_1_130' title='bbox 2253 2051 2322 2117; x_wconf 93' lang='lat' dir='ltr'><strong>in</strong></span> <span class='ocrx_word' id='word_1_131' title='bbox 2368 2052 2474 2117; x_wconf 84' lang='lat' dir='ltr'><strong>via</strong></span> <span class='ocrx_word' id='word_1_132' title='bbox 2519 2049 2796 2125; x_wconf 78' lang='lat' dir='ltr'><strong>veritatis,</strong></span> 
     </span>
     <span class='ocr_line' id='line_1_17' title="bbox 493 2155 2795 2241; baseline -0.002 -20"><span class='ocrx_word' id='word_1_133' title='bbox 493 2160 715 2221; x_wconf 89' lang='lat' dir='ltr'><strong>tamen</strong></span> <span class='ocrx_word' id='word_1_134' title='bbox 758 2157 1007 2241; x_wconf 88' lang='lat' dir='ltr'><strong>absque</strong></span> <span class='ocrx_word' id='word_1_135' title='bbox 1052 2155 1370 2223; x_wconf 88' lang='lat' dir='ltr'><strong>dedecore</strong></span> <span class='ocrx_word' id='word_1_136' title='bbox 1415 2178 1560 2223; x_wconf 90' lang='lat' dir='ltr'><strong>meo</strong></span> <span class='ocrx_word' id='word_1_137' title='bbox 1609 2162 1676 2222; x_wconf 87' lang='lat' dir='ltr'><strong>et</strong></span> <span class='ocrx_word' id='word_1_138' title='bbox 1721 2156 1862 2223; x_wconf 88' lang='lat' dir='ltr'><strong>sine</strong></span> <span class='ocrx_word' id='word_1_139' title='bbox 1907 2156 2044 2223; x_wconf 92' lang='lat' dir='ltr'><strong>ulla</strong></span> <span class='ocrx_word' id='word_1_140' title='bbox 2087 2158 2368 2224; x_wconf 85' lang='lat' dir='ltr'><strong>infamiae</strong></span> <span class='ocrx_word' id='word_1_141' title='bbox 2415 2156 2795 2239; x_wconf 86' lang='lat' dir='ltr'><strong>levitatisque</strong></span> 
     </span>
     <span class='ocr_line' id='line_1_18' title="bbox 493 2259 2800 2347; baseline -0.002 -21"><span class='ocrx_word' id='word_1_142' title='bbox 493 2265 680 2341; x_wconf 89' lang='lat' dir='ltr'><strong>nota,</strong></span> <span class='ocrx_word' id='word_1_143' title='bbox 740 2261 1189 2329; x_wconf 87' lang='lat' dir='ltr'><strong>tantummodo</strong></span> <span class='ocrx_word' id='word_1_144' title='bbox 1242 2268 1319 2328; x_wconf 88' lang='lat' dir='ltr'><strong>ut</strong></span> <span class='ocrx_word' id='word_1_145' title='bbox 1374 2264 1577 2329; x_wconf 88' lang='lat' dir='ltr'><strong>sciam</strong></span> <span class='ocrx_word' id='word_1_146' title='bbox 1631 2262 1916 2347; x_wconf 85' lang='lat' dir='ltr'><strong>qualiter</strong></span> <span class='ocrx_word' id='word_1_147' title='bbox 1971 2268 2039 2328; x_wconf 86' lang='lat' dir='ltr'><strong>et</strong></span> <span class='ocrx_word' id='word_1_148' title='bbox 2098 2283 2230 2346; x_wconf 88' lang='lat' dir='ltr'><strong>qua</strong></span> <span class='ocrx_word' id='word_1_149' title='bbox 2284 2263 2406 2328; x_wconf 84' lang='lat' dir='ltr'><strong>via.</strong></span> <span class='ocrx_word' id='word_1_150' title='bbox 2513 2259 2694 2339; x_wconf 85' lang='lat' dir='ltr'><strong>Quod</strong></span> <span class='ocrx_word' id='word_1_151' title='bbox 2740 2261 2800 2322; x_wconf 87' lang='lat' dir='ltr'><strong>ut</strong></span> 
     </span>
     <span class='ocr_line' id='line_1_19' title="bbox 494 2362 2798 2453; baseline -0.001 -22"><span class='ocrx_word' id='word_1_152' title='bbox 494 2386 876 2451; x_wconf 84' lang='lat' dir='ltr'><strong>consequar,</strong></span> <span class='ocrx_word' id='word_1_153' title='bbox 919 2367 1111 2451; x_wconf 91' lang='lat' dir='ltr'><strong>plane</strong></span> <span class='ocrx_word' id='word_1_154' title='bbox 1157 2374 1373 2434; x_wconf 84' lang='lat' dir='ltr'><strong>vestro</strong></span> <span class='ocrx_word' id='word_1_155' title='bbox 1404 2369 1662 2451; x_wconf 86' lang='lat' dir='ltr'><strong>ingenio</strong></span> <span class='ocrx_word' id='word_1_156' title='bbox 1693 2369 1822 2433; x_wconf 89' lang='lat' dir='ltr'><strong>erit</strong></span> <span class='ocrx_word' id='word_1_157' title='bbox 1849 2388 2029 2453; x_wconf 74' lang='lat' dir='ltr'><strong>opuS,</strong></span> <span class='ocrx_word' id='word_1_158' title='bbox 2077 2386 2206 2433; x_wconf 91' lang='lat' dir='ltr'><strong>non</strong></span> <span class='ocrx_word' id='word_1_159' title='bbox 2236 2389 2398 2434; x_wconf 91' lang='lat' dir='ltr'><strong>meo.</strong></span> <span class='ocrx_word' id='word_1_160' title='bbox 2497 2362 2798 2447; x_wconf 85' lang='lat' dir='ltr'><strong>Quomodo</strong></span> 
     </span>
     <span class='ocr_line' id='line_1_20' title="bbox 496 2467 2799 2558; baseline -0.003 -19"><span class='ocrx_word' id='word_1_161' title='bbox 496 2472 667 2539; x_wconf 86' lang='lat' dir='ltr'><strong>enim</strong></span> <span class='ocrx_word' id='word_1_162' title='bbox 712 2477 1023 2557; x_wconf 89' lang='lat' dir='ltr'><strong>tanquam</strong></span> <span class='ocrx_word' id='word_1_163' title='bbox 1068 2472 1272 2539; x_wconf 91' lang='lat' dir='ltr'><strong>laicus</strong></span> <span class='ocrx_word' id='word_1_164' title='bbox 1320 2472 1632 2557; x_wconf 87' lang='lat' dir='ltr'><strong>digamus,</strong></span> <span class='ocrx_word' id='word_1_165' title='bbox 1677 2472 1856 2540; x_wconf 82' lang='lat' dir='ltr'><strong>nullo</strong></span> <span class='ocrx_word' id='word_1_166' title='bbox 1903 2473 2196 2558; x_wconf 86' lang='lat' dir='ltr'><strong>gaudens</strong></span> <span class='ocrx_word' id='word_1_167' title='bbox 2241 2472 2596 2541; x_wconf 87' lang='lat' dir='ltr'><strong>clericatus</strong></span> <span class='ocrx_word' id='word_1_168' title='bbox 2637 2467 2799 2538; x_wconf 88' lang='lat' dir='ltr'><strong>titulo</strong></span> 
     </span>
     <span class='ocr_line' id='line_1_21' title="bbox 495 2577 2804 2663; baseline -0.003 -20"><span class='ocrx_word' id='word_1_169' title='bbox 495 2577 598 2643; x_wconf 82' lang='lat' dir='ltr'><strong>vel</strong></span> <span class='ocrx_word' id='word_1_170' title='bbox 640 2578 1003 2663; x_wconf 78' lang='lat' dir='ltr'><strong>privilegiO‚</strong></span> <span class='ocrx_word' id='word_1_171' title='bbox 1063 2597 1319 2662; x_wconf 88' lang='lat' dir='ltr'><strong>possem</strong></span> <span class='ocrx_word' id='word_1_172' title='bbox 1374 2578 1566 2663; x_wconf 84' lang='lat' dir='ltr'><strong>digne</strong></span> <span class='ocrx_word' id='word_1_173' title='bbox 1623 2600 1765 2663; x_wconf 82' lang='lat' dir='ltr'><strong>quae</strong></span> <span class='ocrx_word' id='word_1_174' title='bbox 1829 2586 1980 2645; x_wconf 91' lang='lat' dir='ltr'><strong>sunt</strong></span> <span class='ocrx_word' id='word_1_175' title='bbox 2038 2577 2192 2645; x_wconf 90' lang='lat' dir='ltr'><strong>fidei</strong></span> <span class='ocrx_word' id='word_1_176' title='bbox 2252 2578 2340 2644; x_wconf 84' lang='lat' dir='ltr'><strong>ad</strong></span> <span class='ocrx_word' id='word_1_177' title='bbox 2401 2598 2679 2663; x_wconf 87' lang='lat' dir='ltr'><strong>unguem</strong></span> <span class='ocrx_word' id='word_1_178' title='bbox 2719 2594 2804 2639; x_wconf 84' lang='lat' dir='ltr'><strong>ex-</strong></span> 
     </span>
     <span class='ocr_line' id='line_1_22' title="bbox 493 2682 2806 2770; baseline -0.002 -23"><span class='ocrx_word' id='word_1_179' title='bbox 493 2682 739 2768; x_wconf 88' lang='lat' dir='ltr'><strong>plicare</strong></span> <span class='ocrx_word' id='word_1_180' title='bbox 783 2684 994 2769; x_wconf 85' lang='lat' dir='ltr'><strong>prima</strong></span> <span class='ocrx_word' id='word_1_181' title='bbox 1040 2684 1271 2764; x_wconf 89' lang='lat' dir='ltr'><strong>fronte,</strong></span> <span class='ocrx_word' id='word_1_182' title='bbox 1331 2684 1442 2768; x_wconf 89' lang='lat' dir='ltr'><strong>qui</strong></span> <span class='ocrx_word' id='word_1_183' title='bbox 1489 2683 1694 2751; x_wconf 90' lang='lat' dir='ltr'><strong>solum</strong></span> <span class='ocrx_word' id='word_1_184' title='bbox 1757 2684 1844 2749; x_wconf 91' lang='lat' dir='ltr'><strong>ad</strong></span> <span class='ocrx_word' id='word_1_185' title='bbox 1887 2684 2270 2770; x_wconf 86' lang='lat' dir='ltr'><strong>implicitam</strong></span> <span class='ocrx_word' id='word_1_186' title='bbox 2325 2683 2650 2768; x_wconf 88' lang='lat' dir='ltr'><strong>obligatus</strong></span> <span class='ocrx_word' id='word_1_187' title='bbox 2689 2699 2806 2747; x_wconf 90' lang='lat' dir='ltr'><strong>sum</strong></span> 
     </span>
     <span class='ocr_line' id='line_1_23' title="bbox 494 2787 2804 2874; baseline -0.003 -19"><span class='ocrx_word' id='word_1_188' title='bbox 494 2788 650 2857; x_wconf 88' lang='lat' dir='ltr'><strong>fidei</strong></span> <span class='ocrx_word' id='word_1_189' title='bbox 696 2789 1183 2870; x_wconf 85' lang='lat' dir='ltr'><strong>confessionem,</strong></span> <span class='ocrx_word' id='word_1_190' title='bbox 1242 2788 1596 2873; x_wconf 82' lang='lat' dir='ltr'><strong>secundum</strong></span> <span class='ocrx_word' id='word_1_191' title='bbox 1643 2789 1815 2874; x_wconf 92' lang='lat' dir='ltr'><strong>quod</strong></span> <span class='ocrx_word' id='word_1_192' title='bbox 1863 2790 2074 2857; x_wconf 87' lang='lat' dir='ltr'><strong>credit</strong></span> <span class='ocrx_word' id='word_1_193' title='bbox 2119 2789 2414 2871; x_wconf 87' lang='lat' dir='ltr'><strong>ecclesia,</strong></span> <span class='ocrx_word' id='word_1_194' title='bbox 2461 2797 2540 2856; x_wconf 89' lang='lat' dir='ltr'><strong>ut</strong></span> <span class='ocrx_word' id='word_1_195' title='bbox 2583 2790 2648 2855; x_wconf 90' lang='lat' dir='ltr'><strong>in</strong></span> <span class='ocrx_word' id='word_1_196' title='bbox 2681 2787 2804 2871; x_wconf 88' lang='lat' dir='ltr'><strong>jure</strong></span> 
     </span>
     <span class='ocr_line' id='line_1_24' title="bbox 496 2890 2802 2981; baseline -0.001 -20"><span class='ocrx_word' id='word_1_197' title='bbox 496 2897 805 2962; x_wconf 90' lang='lat' dir='ltr'><strong>canonico</strong></span> <span class='ocrx_word' id='word_1_198' title='bbox 852 2895 1104 2980; x_wconf 83' lang='lat' dir='ltr'><strong>legitur.</strong></span> <span class='ocrx_word' id='word_1_199' title='bbox 1195 2895 1433 2962; x_wconf 88' lang='lat' dir='ltr'><strong>Vestra</strong></span> <span class='ocrx_word' id='word_1_200' title='bbox 1481 2916 1634 2961; x_wconf 87' lang='lat' dir='ltr'><strong>vero</strong></span> <span class='ocrx_word' id='word_1_201' title='bbox 1680 2902 1819 2961; x_wconf 90' lang='lat' dir='ltr'><strong>tum</strong></span> <span class='ocrx_word' id='word_1_202' title='bbox 1865 2893 2170 2980; x_wconf 84' lang='lat' dir='ltr'><strong>dignitas,</strong></span> <span class='ocrx_word' id='word_1_203' title='bbox 2216 2902 2356 2961; x_wconf 84' lang='lat' dir='ltr'><strong>tum</strong></span> <span class='ocrx_word' id='word_1_204' title='bbox 2401 2895 2714 2981; x_wconf 85' lang='lat' dir='ltr'><strong>professio</strong></span> <span class='ocrx_word' id='word_1_205' title='bbox 2752 2890 2802 2953; x_wconf 88' lang='lat' dir='ltr'><strong>in</strong></span> 
     </span>
     <span class='ocr_line' id='line_1_25' title="bbox 496 3000 2803 3086; baseline -0.003 -20"><span class='ocrx_word' id='word_1_206' title='bbox 496 3000 731 3067; x_wconf 88' lang='lat' dir='ltr'><strong>altiore</strong></span> <span class='ocrx_word' id='word_1_207' title='bbox 777 3000 984 3085; x_wconf 82' lang='lat' dir='ltr'><strong>gradu</strong></span> <span class='ocrx_word' id='word_1_208' title='bbox 1027 3001 1384 3068; x_wconf 89' lang='lat' dir='ltr'><strong>constituta</strong></span> <span class='ocrx_word' id='word_1_209' title='bbox 1445 3006 1564 3067; x_wconf 89' lang='lat' dir='ltr'><strong>est.</strong></span> <span class='ocrx_word' id='word_1_210' title='bbox 1657 3001 1788 3067; x_wconf 90' lang='lat' dir='ltr'><strong>Vos</strong></span> <span class='ocrx_word' id='word_1_211' title='bbox 1841 3000 2229 3085; x_wconf 77' lang='lat' dir='ltr'><strong>praesbyteri</strong></span> <span class='ocrx_word' id='word_1_212' title='bbox 2286 3001 2534 3086; x_wconf 89' lang='lat' dir='ltr'><strong>duplici</strong></span> <span class='ocrx_word' id='word_1_213' title='bbox 2590 3000 2803 3066; x_wconf 83' lang='lat' dir='ltr'><strong>honore</strong></span> 
     </span>
    </p>
   </div>
   <div class='ocr_carea' id='block_1_3' title="bbox 496 3105 2804 3191">
    <p class='ocr_par' dir='ltr' id='par_1_4' title="bbox 496 3082 2901 3191">
     <span class='ocr_line' id='line_1_26' title="bbox 496 3105 2804 3191; baseline -0.003 -19"><span class='ocrx_word' id='word_1_214' title='bbox 496 3106 672 3191; x_wconf 89' lang='lat' dir='ltr'><strong>digni</strong></span> <span class='ocrx_word' id='word_1_215' title='bbox 720 3106 877 3171; x_wconf 90' lang='lat' dir='ltr'><strong>estis</strong></span> <span class='ocrx_word' id='word_1_216' title='bbox 896 3155 911 3186; x_wconf 92' lang='lat'><strong>,</strong></span> <span class='ocrx_word' id='word_1_217' title='bbox 976 3108 1087 3191; x_wconf 89' lang='lat' dir='ltr'><strong>qui</strong></span> <span class='ocrx_word' id='word_1_218' title='bbox 1149 3106 1467 3174; x_wconf 87' lang='lat' dir='ltr'><strong>laboratis</strong></span> <span class='ocrx_word' id='word_1_219' title='bbox 1535 3106 1604 3172; x_wconf 92' lang='lat' dir='ltr'><strong>in</strong></span> <span class='ocrx_word' id='word_1_220' title='bbox 1673 3106 1868 3172; x_wconf 64' lang='lat' dir='ltr'><strong>&lt;serbo</strong></span> <span class='ocrx_word' id='word_1_221' title='bbox 1941 3113 2007 3173; x_wconf 88' lang='lat' dir='ltr'><strong>et</strong></span> <span class='ocrx_word' id='word_1_222' title='bbox 2053 3108 2364 3189; x_wconf 88' lang='lat' dir='ltr'><strong>doctrina,</strong></span> <span class='ocrx_word' id='word_1_223' title='bbox 2409 3112 2489 3173; x_wconf 90' lang='lat' dir='ltr'><strong>ut</strong></span> <span class='ocrx_word' id='word_1_224' title='bbox 2533 3111 2602 3173; x_wconf 92' lang='lat' dir='ltr'><strong>et</strong></span> <span class='ocrx_word' id='word_1_225' title='bbox 2639 3105 2666 3145; x_wconf 78' lang='lat'>²</span> <span class='ocrx_word' id='word_1_226' title='bbox 2712 3120 2804 3168; x_wconf 81' lang='lat' dir='ltr'><strong>vos</strong></span> 
     </span>
    </p>
   </div>
   <div class='ocr_carea' id='block_1_4' title="bbox 495 3205 2802 3403">
    <p class='ocr_par' dir='ltr' id='par_1_5' title="bbox 495 3205 2802 3403">
     <span class='ocr_line' id='line_1_27' title="bbox 495 3205 2802 3297; baseline -0.001 -22"><span class='ocrx_word' id='word_1_227' title='bbox 495 3211 674 3296; x_wconf 90' lang='lat' dir='ltr'><strong>ipsos</strong></span> <span class='ocrx_word' id='word_1_228' title='bbox 734 3211 949 3278; x_wconf 85' lang='lat' dir='ltr'><strong>salvos</strong></span> <span class='ocrx_word' id='word_1_229' title='bbox 1006 3210 1263 3278; x_wconf 85' lang='lat' dir='ltr'><strong>faciatis</strong></span> <span class='ocrx_word' id='word_1_230' title='bbox 1318 3218 1386 3278; x_wconf 84' lang='lat' dir='ltr'><strong>et</strong></span> <span class='ocrx_word' id='word_1_231' title='bbox 1430 3232 1542 3278; x_wconf 89' lang='lat' dir='ltr'><strong>eos</strong></span> <span class='ocrx_word' id='word_1_232' title='bbox 1600 3212 1714 3297; x_wconf 84' lang='lat' dir='ltr'><strong>qui</strong></span> <span class='ocrx_word' id='word_1_233' title='bbox 1757 3234 1870 3279; x_wconf 85' lang='lat' dir='ltr'><strong>vos</strong></span> <span class='ocrx_word' id='word_1_234' title='bbox 1925 3212 2218 3279; x_wconf 90' lang='lat' dir='ltr'><strong>audiunt.</strong></span> <span class='ocrx_word' id='word_1_235' title='bbox 2311 3212 2380 3279; x_wconf 89' lang='lat' dir='ltr'><strong>Si</strong></span> <span class='ocrx_word' id='word_1_236' title='bbox 2425 3232 2533 3277; x_wconf 90' lang='lat' dir='ltr'><strong>me</strong></span> <span class='ocrx_word' id='word_1_237' title='bbox 2579 3205 2802 3296; x_wconf 77' lang='lat' dir='ltr'><strong>putatis</strong></span> 
     </span>
     <span class='ocr_line' id='line_1_28' title="bbox 496 3312 2802 3403; baseline -0.003 -20"><span class='ocrx_word' id='word_1_238' title='bbox 496 3317 710 3384; x_wconf 88' lang='lat' dir='ltr'><strong>adhuc</strong></span> <span class='ocrx_word' id='word_1_239' title='bbox 762 3317 981 3402; x_wconf 87' lang='lat' dir='ltr'><strong>aliquo</strong></span> <span class='ocrx_word' id='word_1_240' title='bbox 1042 3317 1279 3385; x_wconf 90' lang='lat' dir='ltr'><strong>delicto</strong></span> <span class='ocrx_word' id='word_1_241' title='bbox 1322 3323 1846 3403; x_wconf 86' lang='lat' dir='ltr'><strong>praeoccupatum</strong></span> <span class='ocrx_word' id='word_1_242' title='bbox 1915 3338 2056 3384; x_wconf 87' lang='lat' dir='ltr'><strong>esse</strong></span> <span class='ocrx_word' id='word_1_243' title='bbox 2075 3368 2091 3400; x_wconf 95' lang='lat'><strong>,</strong></span> <span class='ocrx_word' id='word_1_244' title='bbox 2152 3338 2265 3384; x_wconf 83' lang='lat' dir='ltr'><strong>vos</strong></span> <span class='ocrx_word' id='word_1_245' title='bbox 2327 3318 2442 3403; x_wconf 90' lang='lat' dir='ltr'><strong>qui</strong></span> <span class='ocrx_word' id='word_1_246' title='bbox 2504 3312 2802 3402; x_wconf 82' lang='lat' dir='ltr'><strong>spiritales</strong></span> 
     </span>
    </p>
   </div>
   <div class='ocr_carea' id='block_1_5' title="bbox 498 3417 2899 3507">
    <p class='ocr_par' dir='ltr' id='par_1_6' title="bbox 498 3417 2899 3507">
     <span class='ocr_line' id='line_1_29' title="bbox 498 3417 2899 3507; baseline -0.004 -17"><span class='ocrx_word' id='word_1_247' title='bbox 498 3424 675 3504; x_wconf 84' lang='lat' dir='ltr'><strong>estis,</strong></span> <span class='ocrx_word' id='word_1_248' title='bbox 723 3430 798 3489; x_wconf 94' lang='lat' dir='ltr'><strong>ut</strong></span> <span class='ocrx_word' id='word_1_249' title='bbox 840 3423 928 3489; x_wconf 89' lang='lat' dir='ltr'><strong>ad</strong></span> <span class='ocrx_word' id='word_1_250' title='bbox 958 3422 1228 3490; x_wconf 87' lang='lat' dir='ltr'><strong>Galatas</strong></span> <span class='ocrx_word' id='word_1_251' title='bbox 1260 3423 1487 3490; x_wconf 88' lang='lat' dir='ltr'><strong>scribit</strong></span> <span class='ocrx_word' id='word_1_252' title='bbox 1518 3422 1864 3507; x_wconf 86' lang='lat' dir='ltr'><strong>Apostolus</strong></span> <span class='ocrx_word' id='word_1_253' title='bbox 1887 3422 1938 3503; x_wconf 77' lang='lat'><strong>³,</strong></span> <span class='ocrx_word' id='word_1_254' title='bbox 1994 3422 2331 3503; x_wconf 83' lang='lat' dir='ltr'><strong>„instruite</strong></span> <span class='ocrx_word' id='word_1_255' title='bbox 2361 3444 2466 3488; x_wconf 89' lang='lat' dir='ltr'><strong>me</strong></span> <span class='ocrx_word' id='word_1_256' title='bbox 2497 3422 2567 3487; x_wconf 89' lang='lat' dir='ltr'><strong>in</strong></span> <span class='ocrx_word' id='word_1_257' title='bbox 2599 3417 2805 3505; x_wconf 88' lang='lat' dir='ltr'><strong>spiritu</strong></span> <span class='ocrx_word' id='word_1_258' title='bbox 2898 3478 2899 3481; x_wconf 73' lang='grc'>,</span> 
     </span>
    </p>
   </div>
   <div class='ocr_carea' id='block_1_6' title="bbox 493 3527 2804 4251">
    <p class='ocr_par' dir='ltr' id='par_1_7' title="bbox 494 3527 2804 3717">
     <span class='ocr_line' id='line_1_30' title="bbox 494 3527 2804 3612; baseline -0.003 -19"><span class='ocrx_word' id='word_1_259' title='bbox 494 3528 1009 3595; x_wconf 88' lang='lat' dir='ltr'><strong>mansuetudinis</strong></span> <span class='ocrx_word' id='word_1_260' title='bbox 1056 3535 1123 3595; x_wconf 89' lang='lat' dir='ltr'><strong>et</strong></span> <span class='ocrx_word' id='word_1_261' title='bbox 1166 3529 1473 3609; x_wconf 87' lang='lat' dir='ltr'><strong>lenitatis,</strong></span> <span class='ocrx_word' id='word_1_262' title='bbox 1522 3527 1956 3612; x_wconf 82' lang='lat' dir='ltr'><strong>consyderans</strong></span> <span class='ocrx_word' id='word_1_263' title='bbox 2000 3534 2068 3593; x_wconf 92' lang='lat' dir='ltr'><strong>te</strong></span> <span class='ocrx_word' id='word_1_264' title='bbox 2107 3528 2318 3612; x_wconf 92' lang='lat' dir='ltr'><strong>ipsum</strong></span> <span class='ocrx_word' id='word_1_265' title='bbox 2348 3549 2430 3593; x_wconf 90' lang='lat' dir='ltr'><strong>ne</strong></span> <span class='ocrx_word' id='word_1_266' title='bbox 2477 3533 2548 3593; x_wconf 89' lang='lat' dir='ltr'><strong>et</strong></span> <span class='ocrx_word' id='word_1_267' title='bbox 2591 3532 2664 3592; x_wconf 91' lang='lat' dir='ltr'><strong>tu</strong></span> <span class='ocrx_word' id='word_1_268' title='bbox 2691 3530 2804 3587; x_wconf 88' lang='lat' dir='ltr'><strong>ten-</strong></span> 
     </span>
     <span class='ocr_line' id='line_1_31' title="bbox 494 3626 2804 3717; baseline -0.005 -18"><span class='ocrx_word' id='word_1_269' title='bbox 494 3634 721 3701; x_wconf 87' lang='lat' dir='ltr'><strong>teris“.</strong></span> <span class='ocrx_word' id='word_1_270' title='bbox 784 3634 937 3712; x_wconf 84' lang='lat' dir='ltr'><strong>Quae</strong></span> <span class='ocrx_word' id='word_1_271' title='bbox 978 3633 1179 3699; x_wconf 86' lang='lat' dir='ltr'><strong>verba</strong></span> <span class='ocrx_word' id='word_1_272' title='bbox 1208 3633 1483 3699; x_wconf 91' lang='lat' dir='ltr'><strong>multum</strong></span> <span class='ocrx_word' id='word_1_273' title='bbox 1514 3632 1938 3717; x_wconf 89' lang='lat' dir='ltr'><strong>ponderanda</strong></span> <span class='ocrx_word' id='word_1_274' title='bbox 1969 3639 2138 3713; x_wconf 84' lang='lat' dir='ltr'><strong>sunt,</strong></span> <span class='ocrx_word' id='word_1_275' title='bbox 2180 3634 2348 3699; x_wconf 88' lang='lat' dir='ltr'><strong>sicut</strong></span> <span class='ocrx_word' id='word_1_276' title='bbox 2378 3632 2598 3699; x_wconf 85' lang='lat' dir='ltr'><strong>omnia</strong></span> <span class='ocrx_word' id='word_1_277' title='bbox 2629 3626 2804 3696; x_wconf 88' lang='lat' dir='ltr'><strong>Pauli.</strong></span> 
     </span>
    </p>

    <p class='ocr_par' dir='ltr' id='par_1_8' title="bbox 493 3738 2804 4251">
     <span class='ocr_line' id='line_1_32' title="bbox 674 3738 2800 3825; baseline -0.005 -20"><span class='ocrx_word' id='word_1_278' title='bbox 674 3738 763 3805; x_wconf 88' lang='lat' dir='ltr'><strong>Te</strong></span> <span class='ocrx_word' id='word_1_279' title='bbox 810 3739 1009 3825; x_wconf 87' lang='lat' dir='ltr'><strong>igitur</strong></span> <span class='ocrx_word' id='word_1_280' title='bbox 1053 3740 1288 3804; x_wconf 89' lang='lat' dir='ltr'><strong>iterum</strong></span> <span class='ocrx_word' id='word_1_281' title='bbox 1328 3746 1528 3824; x_wconf 88' lang='lat' dir='ltr'><strong>atque</strong></span> <span class='ocrx_word' id='word_1_282' title='bbox 1557 3740 1795 3805; x_wconf 89' lang='lat' dir='ltr'><strong>iterum</strong></span> <span class='ocrx_word' id='word_1_283' title='bbox 1827 3759 1960 3819; x_wconf 84' lang='lat' dir='ltr'><strong>ore,</strong></span> <span class='ocrx_word' id='word_1_284' title='bbox 2006 3738 2425 3824; x_wconf 89' lang='lat' dir='ltr'><strong>obtestorque</strong></span> <span class='ocrx_word' id='word_1_285' title='bbox 2455 3757 2578 3823; x_wconf 90' lang='lat' dir='ltr'><strong>pro</strong></span> <span class='ocrx_word' id='word_1_286' title='bbox 2609 3740 2800 3801; x_wconf 80' lang='lat' dir='ltr'><strong>vetere</strong></span> 
     </span>
     <span class='ocr_line' id='line_1_33' title="bbox 493 3836 2803 3931; baseline -0.006 -16"><span class='ocrx_word' id='word_1_287' title='bbox 493 3852 721 3915; x_wconf 88' lang='lat' dir='ltr'><strong>nostra</strong></span> <span class='ocrx_word' id='word_1_288' title='bbox 774 3845 1221 3931; x_wconf 76' lang='lat' dir='ltr'><strong>conjunctione</strong></span> <span class='ocrx_word' id='word_1_289' title='bbox 1284 3864 1361 3910; x_wconf 86' lang='lat' dir='ltr'><strong>ac</strong></span> <span class='ocrx_word' id='word_1_290' title='bbox 1408 3844 1918 3925; x_wconf 89' lang='lat' dir='ltr'><strong>necessitudine,</strong></span> <span class='ocrx_word' id='word_1_291' title='bbox 1977 3864 2227 3928; x_wconf 90' lang='lat' dir='ltr'><strong>proque</strong></span> <span class='ocrx_word' id='word_1_292' title='bbox 2273 3864 2527 3910; x_wconf 90' lang='lat' dir='ltr'><strong>summa</strong></span> <span class='ocrx_word' id='word_1_293' title='bbox 2573 3862 2715 3907; x_wconf 87' lang='lat' dir='ltr'><strong>mea</strong></span> <span class='ocrx_word' id='word_1_294' title='bbox 2750 3836 2803 3901; x_wconf 90' lang='lat' dir='ltr'><strong>in</strong></span> 
     </span>
     <span class='ocr_line' id='line_1_34' title="bbox 493 3948 2803 4034; baseline -0.004 -15"><span class='ocrx_word' id='word_1_295' title='bbox 493 3957 563 4019; x_wconf 87' lang='lat' dir='ltr'><strong>te</strong></span> <span class='ocrx_word' id='word_1_296' title='bbox 609 3950 1065 4031; x_wconf 83' lang='lat' dir='ltr'><strong>benivolentia,</strong></span> <span class='ocrx_word' id='word_1_297' title='bbox 1110 3956 1180 4017; x_wconf 88' lang='lat' dir='ltr'><strong>et</strong></span> <span class='ocrx_word' id='word_1_298' title='bbox 1223 3956 1340 4015; x_wconf 88' lang='lat' dir='ltr'><strong>tua</strong></span> <span class='ocrx_word' id='word_1_299' title='bbox 1384 3949 1449 4014; x_wconf 90' lang='lat' dir='ltr'><strong>in</strong></span> <span class='ocrx_word' id='word_1_300' title='bbox 1495 3969 1599 4015; x_wconf 89' lang='lat' dir='ltr'><strong>me</strong></span> <span class='ocrx_word' id='word_1_301' title='bbox 1643 3949 1925 4033; x_wconf 86' lang='lat' dir='ltr'><strong>pariter,</strong></span> <span class='ocrx_word' id='word_1_302' title='bbox 1985 3954 2062 4015; x_wconf 88' lang='lat' dir='ltr'><strong>ut</strong></span> <span class='ocrx_word' id='word_1_303' title='bbox 2105 3968 2224 4034; x_wconf 90' lang='lat' dir='ltr'><strong>pro</strong></span> <span class='ocrx_word' id='word_1_304' title='bbox 2270 3969 2373 4017; x_wconf 92' lang='lat' dir='ltr'><strong>me</strong></span> <span class='ocrx_word' id='word_1_305' title='bbox 2435 3948 2614 4034; x_wconf 89' lang='lat' dir='ltr'><strong>apud</strong></span> <span class='ocrx_word' id='word_1_306' title='bbox 2663 3962 2803 4031; x_wconf 82' lang='lat' dir='ltr'><strong>prae-</strong></span> 
     </span>
     <span class='ocr_line' id='line_1_35' title="bbox 496 4053 2804 4140; baseline -0.006 -16"><span class='ocrx_word' id='word_1_307' title='bbox 496 4057 927 4124; x_wconf 84' lang='lat' dir='ltr'><strong>clarissimum</strong></span> <span class='ocrx_word' id='word_1_308' title='bbox 974 4065 1039 4123; x_wconf 91' lang='lat' dir='ltr'><strong>et</strong></span> <span class='ocrx_word' id='word_1_309' title='bbox 1082 4055 1464 4140; x_wconf 88' lang='lat' dir='ltr'><strong>primarium</strong></span> <span class='ocrx_word' id='word_1_310' title='bbox 1512 4053 1843 4120; x_wconf 88' lang='lat' dir='ltr'><strong>doctorem</strong></span> <span class='ocrx_word' id='word_1_311' title='bbox 1887 4054 2204 4121; x_wconf 86' lang='lat' dir='ltr'><strong>Jacobum</strong></span> <span class='ocrx_word' id='word_1_312' title='bbox 2249 4054 2598 4133; x_wconf 88' lang='lat' dir='ltr'><strong>decanum,</strong></span> <span class='ocrx_word' id='word_1_313' title='bbox 2642 4054 2804 4116; x_wconf 80' lang='lat' dir='ltr'><strong>coete-</strong></span> 
     </span>
     <span class='ocr_line' id='line_1_36' title="bbox 496 4151 2803 4251; baseline -0.004 -22"><span class='ocrx_word' id='word_1_314' title='bbox 496 4184 734 4251; x_wconf 87' lang='lat' dir='ltr'><strong>rosque</strong></span> <span class='ocrx_word' id='word_1_315' title='bbox 798 4162 1371 4230; x_wconf 87' lang='lat' dir='ltr'><strong>excellentissimos</strong></span> <span class='ocrx_word' id='word_1_316' title='bbox 1430 4158 1842 4244; x_wconf 67' lang='lat' dir='ltr'><strong>amplissimas</strong></span> <span class='ocrx_word' id='word_1_317' title='bbox 1895 4159 2108 4227; x_wconf 90' lang='lat' dir='ltr'><strong>laudis</strong></span> <span class='ocrx_word' id='word_1_318' title='bbox 2172 4160 2472 4227; x_wconf 88' lang='lat' dir='ltr'><strong>doctores</strong></span> <span class='ocrx_word' id='word_1_319' title='bbox 2489 4208 2505 4241; x_wconf 94' lang='lat'><strong>,</strong></span> <span class='ocrx_word' id='word_1_320' title='bbox 2578 4151 2803 4251; x_wconf 78' lang='lat' dir='ltr'><strong>theolo-</strong></span> 
     </span>
    </p>
   </div>
   <div class='ocr_carea' id='block_1_7' title="bbox 498 4419 2800 4587">
    <p class='ocr_par' dir='ltr' id='par_1_9' title="bbox 498 4419 2800 4587">
     <span class='ocr_line' id='line_1_37' title="bbox 644 4419 2800 4498; baseline -0.002 -17"><span class='ocrx_word' id='word_1_321' title='bbox 644 4433 669 4478; x_wconf 83' lang='lat'><em>1</em></span> <span class='ocrx_word' id='word_1_322' title='bbox 710 4429 938 4483; x_wconf 73' lang='lat' dir='ltr'><strong>Satieta·</strong></span> <span class='ocrx_word' id='word_1_323' title='bbox 957 4428 1041 4482; x_wconf 78' lang='lat' dir='ltr'><strong>bis</strong></span> <span class='ocrx_word' id='word_1_324' title='bbox 1062 4424 1214 4482; x_wconf 83' lang='lat' dir='ltr'><strong>Pauli</strong></span> <span class='ocrx_word' id='word_1_325' title='bbox 1234 4424 1579 4498; x_wconf 80' lang='lat' dir='ltr'><strong>ausgelassen</strong></span> <span class='ocrx_word' id='word_1_326' title='bbox 1617 4436 1665 4482; x_wconf 84' lang='lat'><strong>2.</strong></span> <span class='ocrx_word' id='word_1_327' title='bbox 1684 4432 1823 4483; x_wconf 78' lang='lat' dir='ltr'><strong>enim</strong></span> <span class='ocrx_word' id='word_1_328' title='bbox 1849 4424 2192 4498; x_wconf 77' lang='lat' dir='ltr'><strong>ausgelasscn</strong></span> <span class='ocrx_word' id='word_1_329' title='bbox 2234 4429 2284 4483; x_wconf 76' lang='lat'><strong>3.</strong></span> <span class='ocrx_word' id='word_1_330' title='bbox 2319 4436 2372 4483; x_wconf 83' lang='lat' dir='ltr'><strong>et</strong></span> <span class='ocrx_word' id='word_1_331' title='bbox 2398 4422 2733 4497; x_wconf 77' lang='lat' dir='ltr'><strong>ausgelassen</strong></span> <span class='ocrx_word' id='word_1_332' title='bbox 2759 4419 2800 4472; x_wconf 76' lang='grc'><strong>3.</strong></span> 
     </span>
     <span class='ocr_line' id='line_1_38' title="bbox 498 4512 2094 4587; baseline 0.002 -18"><span class='ocrx_word' id='word_1_333' title='bbox 498 4518 529 4569; x_wconf 85' lang='grc'><strong>2</strong></span> <span class='ocrx_word' id='word_1_334' title='bbox 570 4512 635 4575; x_wconf 69' lang='lat' dir='ltr'><strong>nt</strong></span> <span class='ocrx_word' id='word_1_335' title='bbox 681 4517 1021 4587; x_wconf 79' lang='lat' dir='ltr'><strong>ausgelassen</strong></span> <span class='ocrx_word' id='word_1_336' title='bbox 1060 4520 1109 4570; x_wconf 76' lang='lat'><strong>3.</strong></span> <span class='ocrx_word' id='word_1_337' title='bbox 1255 4522 1285 4571; x_wconf 79' lang='lat'><em>8</em></span> <span class='ocrx_word' id='word_1_338' title='bbox 1325 4520 1642 4587; x_wconf 73' lang='lat' dir='ltr'><strong>spirituales</strong></span> <span class='ocrx_word' id='word_1_339' title='bbox 1694 4522 1743 4574; x_wconf 81' lang='grc'><strong>8.</strong></span> <span class='ocrx_word' id='word_1_340' title='bbox 1779 4518 1897 4572; x_wconf 81' lang='lat' dir='ltr'><strong>Gal.</strong></span> <span class='ocrx_word' id='word_1_341' title='bbox 1936 4522 1996 4586; x_wconf 83' lang='lat'><strong>6,</strong></span> <span class='ocrx_word' id='word_1_342' title='bbox 2049 4524 2094 4573; x_wconf 86' lang='lat'><strong>1.</strong></span> 
     </span>
    </p>
   </div>
   <div class='ocr_carea' id='block_1_8' title="bbox 2903 2388 2905 2395">
    <p class='ocr_par' dir='ltr' id='par_1_10' title="bbox 2903 2388 2905 2395">
     <span class='ocr_line' id='line_1_39' title="bbox 2903 2388 2905 2395; baseline 0 0"><span class='ocrx_word' id='word_1_343' title='bbox 2903 2388 2905 2395; x_wconf 48' lang='grc' dir='ltr'><strong>ε</strong></span> 
     </span>
    </p>
   </div>
  </div>
 </body>
</html>
