2950 5042
1523 396 1652 467 124

423 585 592 654 liora
650 591 923 671 propter
979 585 1187 651 deum.
1290 586 1655 672 Impendite
1731 586 1827 653 illi
1890 586 2399 656 misericordiam
2471 590 2758 654 vestram

422 692 669 759 scilicet
746 691 1147 780 ἐλεημοσύνην
1205 693 1319 765 τὴν
1388 692 1779 783 ὀφειλομένην
1797 742 1814 775 ,
1899 714 2043 759 cum
2115 693 2400 779 alioquin
2433 738 2438 743 -
2473 690 2556 757 de
2608 692 2757 777 jure

424 797 775 864 teneamini
818 797 906 862 ad
952 796 1484 880 hospitalitatem,
1533 796 1856 865 habebitis
1899 805 2392 883 praeceptorem
2435 796 2594 863 licet
2633 818 2758 863 non

428 903 617 971 valde
650 903 932 983 doctum,
965 908 1182 969 tamen
1212 904 1299 969 ad
1328 904 1880 989 pronuntiandum
1912 904 2333 971 sufficientem
2363 904 2474 989 qui
2505 908 2759 971 vestros

422 1008 771 1077 monachos
801 1010 1008 1095 possit
1036 1010 1103 1075 iu
1149 1010 1520 1094 primordiis
1567 1010 1824 1095 linguae
1875 1016 2139 1077 sanctae
2184 1018 2416 1096 aptare
2448 1009 2760 1075 formare·

427 1136 585 1204 que,
646 1121 723 1182 ut
778 1115 1011 1181 saltem
1068 1122 1295 1182 nostra
1356 1117 1724 1183 rudimenta
1767 1138 1887 1201 per
1943 1136 2058 1181 vos
2104 1116 2280 1201 ipsos
2325 1116 2590 1181 tandem
2654 1136 2762 1179 va·

425 1222 619 1289 leatis
666 1222 983 1306 accipere,
1028 1221 1095 1286 in
1140 1222 1360 1307 eisque
1406 1220 1581 1287 nullo
1611 1227 2060 1307 praeceptore,
2107 1222 2220 1287 sed
2249 1222 2513 1307 proprio
2546 1220 2762 1287 studio

426 1328 769 1395 exercitari
812 1326 899 1392 ad
944 1326 1203 1394 laudem
1249 1333 1318 1393 et
1360 1326 1633 1411 gloriam
1677 1326 1800 1393 Dei
1847 1334 1914 1393 et
1958 1328 2130 1411 regis
2175 1329 2382 1394 nostri
2427 1338 2650 1391 wire.

604 1432 787 1511 Vale,
835 1432 924 1498 mi
965 1432 1217 1513 Cubite,
1264 1454 1498 1519 meque
1545 1432 2130 1501 observandissimo
2173 1434 2332 1501 mihi
2375 1432 2604 1501 abbati
2651 1438 2765 1497 tuo

432 1538 810 1608 commenda
858 1560 1004 1605 cum
1051 1538 1345 1607 omnibus
1375 1540 1506 1606 tuis
1551 1539 1866 1605 fratribus
1910 1537 2114 1605 bonas
2151 1547 2330 1607 artes
2375 1538 2766 1606 amantibus.

428 1648 528 1713 Ex
572 1646 905 1729 Tiibingen
954 1649 992 1711 3
1043 1652 1193 1731 post
1236 1645 1470 1712 Judica
1515 1666 1684 1711 anno
1735 1650 1904 1710 1510
1941 1645 1983 1712 ².

607 1756 755 1817 Msc.
790 1754 1079 1831 Ellenbog
1113 1756 1211 1817 lib.
1246 1756 1293 1834 Ι,
1325 1772 1416 1831 ep.
1452 1758 1557 1815 76.
1591 1754 1693 1815 fol.
1731 1749 1850 1813 65¹>
1881 1770 1964 1828 sq.

577 2026 909 2095 Strassburg.
1481 1937 1702 2007 CXVI·
2244 2030 2306 2075 14
2345 2024 2494 2091 April
2541 2024 2699 2077 1510.

696 2132 967 2208 Beatus
1021 2131 1421 2208 Rhenanus
1480 2132 1942 2209 Selistatinus
1997 2160 2095 2208 an
2146 2129 2514 2207 Reuchlin

432 2279 683 2349 schickt
728 2282 850 2347 mit
907 2279 1081 2347 dank
1141 2281 1244 2347 die
1299 2280 1674 2365 gelichenen
1736 2280 2048 2347 schriften
2093 2280 2316 2346 Cusas-
2344 2276 2588 2345 zuriick
2633 2277 2766 2343 und

429 2388 627 2453 bittet
670 2409 781 2454 um
826 2386 1221 2472 a-ufklii-rung
1266 2388 1429 2454 iiber
1476 2388 1582 2453 ein
1626 2387 2040 2453 itinerarium
2085 2385 2413 2451 Antonini.
2507 2386 2608 2450 Ex
2651 2385 2769 2449 Ar-

432 2498 773 2579 gentorato
825 2500 907 2559 14
954 2515 1092 2579 apr.
1142 2493 1269 2575 die,
1314 2515 1373 2560 a.
1427 2498 1618 2559 1510.

612 2602 936 2665 Gedruckt:
990 2609 1019 2663 1
1059 2625 1144 2658 =
1178 2603 1239 2665 G.
1274 2622 1326 2664 v.
1370 2621 1421 2664 e.
1456 2622 1496 2679 g
1527 2598 1668 2677 5ab3
1721 2607 1757 2663 2
1793 2624 1879 2657 =
1909 2602 1966 2663 J.
2011 2620 2066 2663 v.
2102 2618 2155 2663 e.
2197 2604 2217 2661 i
2252 2598 2358 2674 3b3
2407 2604 2441 2661 3
2492 2621 2580 2654 ==
2613 2599 2679 2659 O.
2711 2618 2766 2660 v.

434 2726 485 2770 e.
520 2708 579 2771 11
607 2708 705 2771 fol.
744 2706 863 2771 53¹>
894 2708 1003 2784 fg.---

1106 2875 1115 2885 ·
1404 2881 1409 2885 -
1466 2836 1720 2903 CXVII.

575 2925 921 2979 Ottobeuron.
2246 2926 2310 2973 28
2354 2920 2503 2989 April
2546 2922 2702 2972 1510.

698 3033 953 3107 Frater
1005 3033 1365 3108 Nicolaus
1421 3029 1799 3130 Ellenbog
1853 3028 2225 3130 Capnioni
2277 3028 2352 3104 S.
2413 3028 2484 3101 d.

616 3190 735 3239 :722
769 3173 877 3239 hm
906 3172 1091 3241 imbui-n
1117 3188 1279 3261 nvn,
1326 3179 1784 3245 humanissime
1831 3177 2378 3261 integerrimeque
2425 3176 2542 3240 vir.
2609 3174 2772 3239 Red-

433 3285 611 3351 ditae
644 3289 796 3350 sunt
817 3286 973 3351 mihi
1009 3285 1239 3352 literae
1270 3290 1424 3351 tuae
1458 3285 1880 3350 suavissimae
1910 3306 2030 3369 per
2061 3282 2471 3367 Neophytum
2505 3280 2532 3319 ²
2581 3301 2772 3365 quem

434 3390 720 3474 dignatio
766 3397 883 3455 tua
928 3391 1012 3457 ad
1062 3411 1177 3456 nos
1224 3390 1463 3457 direxit
1511 3391 1722 3475 quiet
1768 3412 1886 3474 per
1931 3409 2217 3453 mensem
2263 3388 2439 3470 apud
2485 3408 2608 3452 nos
2655 3386 2774 3452 fuit

434 3494 921 3579 diligentissime
967 3496 1125 3561 mihi
1169 3496 1762 3581 pronuntiat-ionem
1809 3495 2098 3561 hebraici
2130 3494 2443 3559 sermonis
2487 3492 2771 3558 tradens.

431 3600 660 3668 Habeo
708 3606 932 3667 autem
977 3623 1096 3686 ego
1144 3603 1266 3668 tibi
1310 3601 1711 3667 immortales
1758 3602 2021 3683 gratias,
2068 3601 2440 3667 doctissime
2487 3598 2620 3676 vir,
2668 3596 2772 3682 qui

430 3726 551 3791 pro
597 3713 716 3772 tua
762 3706 1051 3774 bonitate
1096 3714 1161 3773 et
1192 3728 1550 3793 numquam
1582 3707 1743 3772 satis
1775 3705 2099 3771 laudando
2133 3726 2286 3789 erga
2315 3704 2521 3770 bonas
2552 3704 2772 3768 literas

431 3811 674 3878 affectu
731 3814 903 3879 inter
958 3814 1417 3898 occupationes
1477 3819 1626 3879 tuas
1683 3810 1969 3878 infinitas
2028 3813 2156 3877 mei
2217 3811 2393 3876 haud
2439 3812 2775 3875 immemor

430 3917 653 3999 fueris,
700 3919 817 3985 sed
863 3938 1057 4004 quem
1105 3919 1352 3985 dudum
1399 3939 1827 4003 conceperam
1872 3918 1958 3983 ad
2008 3928 2234 3989 ΨἻἾῬΤἹ
2277 3910 2422 3991 ’,ἽΨΒ
2469 3915 2775 3982 affectum

434 4023 747 4110 adjuvare
804 4025 909 4091 vel
970 4025 1443 4092 studiosissime
1507 4046 1634 4090 non
1698 4044 1935 4091 cessas.
2029 4024 2207 4088 Deus
2269 4028 2400 4105 opt.
2461 4043 2630 4087 max,
2676 4042 2773 4085 me

434 4151 700 4217 operam
728 4131 971 4215 perdas
1002 4130 1202 4197 faciat
1230 4153 1485 4217 precor.

1587 4253 1624 4292 ἡ

581 4346 605 4391 1
647 4343 813 4394 Unter
849 4343 967 4393 dem
1004 4342 1147 4393 brief
1178 4343 1334 4406 steht,
1371 4344 1566 4395 soweit
1605 4343 1722 4392 sich
1761 4342 1846 4391 die
1885 4341 2170 4391 schnorkel
2199 4339 2290 4389 des
2318 4341 2388 4387 im
2413 4336 2768 4403 griechischen

334 4496 339 4501 ¹
432 4428 539 4481 und
574 4431 923 4484 hebraischen
964 4432 1307 4498 unkundigen
1334 4432 1636 4483 schreibcrs
1666 4429 1936 4482 entziffcrn
1965 4430 2166 4485 lassent
2207 4426 2269 4493 εἰς
2308 4444 2392 4500 την
2431 4443 2574 4505 χειρα
2610 4439 2767 4495 ᾳιιηζουι

434 4530 624 4584 '’mo-3&
659 4514 785 4584 ⁸5³¹>-
931 4525 960 4573 2
998 4520 1273 4582 Johannes
1312 4536 1354 4581 ε.
1394 4537 1443 4581 o.
1481 4536 1595 4580 nro.
1635 4518 1795 4576 CXV.
