2950 5042
1189 380 1315 449 159

151 569 349 655 giaeque
385 569 713 655 magistros
750 569 995 637 instare
1035 571 1195 639 velis
1222 576 1563 657 oportune,
1591 572 1964 659 importune
2001 572 2043 654 ¹,
2091 577 2416 659 quatenus

152 673 213 739 de
261 675 545 760 singulari
598 675 883 761 quadam
949 674 1355 743 humanitate
1414 681 1486 743 et
1541 677 1608 742 in
1671 677 1959 745 favorem
2029 677 2415 762 evangelicae

149 779 450 861 charitatis,
493 780 575 847 ad
623 800 818 865 quam
872 786 1171 848 tenemur
1216 802 1469 862 omnes,
1519 781 1866 867 dignentur
1911 802 2064 850 suas
2109 782 2414 849 informa-

148 883 311 951 tiones
350 886 601 952 mittere
646 886 807 951 meis
853 886 1172 970 expensis,
1220 886 1391 952 sicut
1434 892 1503 952 et
1558 887 1722 955 istas
1779 908 2036 973 quoque
2097 906 2414 971 expensas

147 990 315 1071 etiam,
354 1012 474 1057 non
518 991 789 1074 petitas,
833 996 1016 1057 vesto
1069 992 1302 1059 nuncio
1357 990 1719 1059 liberaliter
1775 994 2073 1077 persolvi.
2167 991 2414 1071 Quibus

143 1093 643 1163 informationibus
688 1096 1115 1178 contineatur,
1163 1096 1447 1183 qualiter
1491 1116 1639 1162 cum
1681 1096 1926 1188 bonore
1965 1120 2110 1165 meo
2144 1105 2212 1165 et
2243 1098 2414 1164 bona

143 1198 273 1265 fama
310 1200 465 1268 citra
506 1204 945 1288 cujuscunque
1006 1202 1283 1269 hominis
1328 1201 1706 1287 despectum
1754 1207 1872 1269 aut
1915 1202 2217 1289 injuriam
2259 1202 2416 1269 fide-

140 1302 251 1370 liter
289 1313 347 1372 et
402 1306 681 1373 dilucide
740 1327 971 1392 puram
1020 1314 1087 1374 et
1131 1328 1378 1373 meram
1445 1306 1789 1373 veritatem
1850 1308 2138 1375 ecclesiae
2192 1308 2414 1407 cath-o-

139 1408 239 1475 licae
276 1411 541 1481 decretis
586 1418 787 1499 atque
830 1412 1187 1482 canonibus
1218 1410 1560 1479 fundatam
1591 1412 1936 1497 explicare,
1981 1422 2050 1481 et
2081 1414 2413 1481 contraria

138 1516 423 1583 emendare
478 1518 749 1584 valeam.
852 1518 959 1585 Sic
1014 1539 1206 1602 spero
1238 1518 1264 1557 ²
1334 1518 1491 1585 visis
1547 1516 2114 1587 informationibus
2179 1520 2414 1587 vestris

135 1618 279 1687 facile
318 1624 711 1689 concordari.
802 1623 979 1689 Tunc
1024 1622 1196 1689 enim
1242 1642 1389 1689 mea
1436 1628 1668 1707 sponte
1714 1644 1792 1688 ac
1839 1624 2136 1693 ultroneo
2195 1625 2412 1693 studio

134 1724 318 1793 nullius
370 1728 648 1795 hominis
682 1727 707 1767 ³
774 1728 1085 1795 mandato
1131 1730 1321 1813 jussu
1367 1728 1500 1796 sive
1567 1734 1926 1815 praecepte,
1983 1730 2100 1797 sed
2143 1752 2225 1796 ex
2269 1730 2412 1797 sola

137 1828 419 1899 dilectione
460 1835 587 1900 Dei
634 1840 703 1900 et
745 1833 1024 1918 proximi
1068 1854 1145 1899 ac
1177 1834 1367 1900 unius
1396 1832 1692 1899 veritatis
1722 1854 1962 1916 amore,
2009 1854 2196 1901 nemo
2227 1836 2410 1917 alius,

137 1934 213 1999 sed
250 1958 355 2022 ego
398 1939 539 2024 ipse
588 1938 814 2006 tollam
864 1939 945 2005 de
991 1940 1097 2005 via
1139 1939 1410 2024 lapides,
1458 1938 1514 2004 si
1561 1937 1672 2023 qui
1718 1937 1980 2019 fuerint,
2027 1938 2410 2008 offensiones

132 2044 177 2103 et
206 2048 403 2125 petras
436 2044 466 2083 ⁴
523 2044 852 2125 scandali,
909 2044 1007 2111 ita
1064 2050 1140 2111 ut
1202 2044 1381 2111 solus
1440 2044 1628 2111 nobis
1675 2046 1960 2128 supersit
2001 2044 2170 2130 lapis
2216 2068 2411 2133 quem

129 2147 589 2228 reprobaverunt
662 2156 731 2217 et
787 2154 1012 2235 petra,
1087 2170 1261 2234 quoe·
1290 2154 1437 2215 erat
1519 2148 1848 2231 Christus,
1918 2150 2058 2234 ipse
2123 2157 2226 2219 est
2280 2172 2412 2235 pax

127 2258 331 2335 nostra,
389 2256 505 2340 qui
562 2255 724 2321 facit
776 2261 1055 2342 utraque
1112 2275 1337 2337 unum,
1393 2254 1506 2319 ille
1566 2275 1684 2320 nos
1747 2256 2074 2323 custodiat
2127 2263 2282 2341 opto
2344 2257 2414 2323 iu

125 2355 277 2422 vitam
317 2353 694 2439 aethernam.
774 2362 995 2426 Amen.
1067 2359 1227 2426 Vale
1276 2365 1344 2425 et
1388 2358 1555 2425 hanc
1597 2359 1938 2442 epistolam
1970 2382 2113 2429 cum
2157 2364 2412 2447 egregio

124 2460 325 2531 domino
368 2464 643 2546 «Iacche,
691 2465 1055 2551 eximioque
1104 2462 1361 2530 domino
1409 2464 1698 2531 Arnoldo
1732 2464 1787 2545 ⁵,
1853 2467 2233 2552 caeterisque
2279 2469 2411 2535 tuis

124 2572 563 2637 communicato.
656 2570 900 2636 Datum
946 2575 1021 2636 ut
1066 2590 1265 2654 supra
1298 2568 1342 2633 ⁶.

249 2724 567 2785 Gedruckt:
598 2728 640 2802 ‚1
685 2744 765 2776 =
798 2723 854 2783 J.
887 2741 941 2783 v.
977 2740 1027 2783 e.
1063 2741 1099 2797 q
1135 2727 1173 2783 4
1206 2724 1291 2784 bis
1322 2740 1354 2781 r
1388 2726 1486 2798 ea;
1524 2726 1560 2784 2
1597 2747 1680 2779 =
1705 2726 1937 2785 Bulaeus
1968 2726 2005 2785 1.
2039 2724 2078 2785 ι·.
2102 2724 2184 2784 VI
2212 2744 2272 2803 p.
2302 2728 2404 2787 56.

119 2825 190 2887 57.
220 2832 249 2889 3
282 2855 362 2886 =
394 2832 595 2905 Majus
626 2830 666 2887 1.
699 2829 737 2888 1.
772 2848 827 2905 p.
866 2831 988 2890 331
1026 2830 1115 2890 bis
1148 2832 1296 2891 336.

1066 3174 1410 3245 CXXXIX.

218 3283 559 3338 Ottobeuren.
1878 3286 1940 3333 21
1989 3282 2140 3336 Febr.
2184 3285 2335 3339 1512.

405 3432 671 3506 Frater
723 3430 1080 3506 Nicolaus
1118 3429 1496 3559 Ellenbog
1549 3456 1648 3503 an
1701 3426 2068 3504 Reuchlin

110 3586 195 3657 hat
248 3595 453 3663 durch
518 3598 629 3664 R.s
697 3596 951 3678 freumi,
1020 3596 1147 3663 den
1213 3595 1610 3681 Dieteganus
1658 3597 2184 3675 Westerstetten‚
2252 3604 2434 3682 gute-

114 3698 487 3769 nachrichten
524 3703 689 3770 iiber
722 3703 796 3767 R.
802 3723 833 3768 s
877 3701 1324 3786 wohlergehen
1366 3701 1662 3767 erhalten
1691 3700 1826 3767 und
1871 3701 2046 3767 freut
2075 3700 2213 3768 sich
2244 3702 2410 3769 iiber

110 3802 213 3869 sein
261 3807 797 3883 verdienstvolles
841 3806 1116 3889 wirken‚
1162 3807 1358 3885 sehnt
1410 3807 1570 3888 sich,
1627 3806 1740 3873 ibn
1787 3806 2024 3873 einmal
2069 3828 2150 3873 zu
2205 3806 2406 3874 seben

1194 3971 1229 4011 ’Β

219 4064 238 4109 1
287 4062 591 4129 importune
630 4062 975 4130 ausgelasscn
1016 4064 1065 4113 3.
1211 4066 1240 4113 2
1280 4062 1370 4113 Sic
1410 4076 1562 4129 spero
1600 4060 1684 4114 bis
1711 4076 1773 4111 zu
1802 4058 1934 4111 ende
1969 4058 2314 4126 ausgclassen
2353 4062 2406 4113 2.

110 4141 128 4189 3
156 4144 381 4202 Hominis
409 4155 457 4203 3.
476 4152 633 4217 jussu
660 4158 751 4202 aut
774 4157 1034 4219 praecepto
1062 4154 1111 4201 3.
1221 4155 1255 4199 4
1293 4152 1475 4201 Petras
1503 4156 1556 4201 et
1582 4153 1631 4202 3.
1658 4149 1812 4201 vobis
1831 4148 1979 4200 solus
2006 4150 2054 4200 3.
2155 4149 2186 4197 5
2225 4146 2405 4199 Hoch—

104 4235 269 4287 straten
312 4239 424 4291 und
460 4242 731 4307 Tungern.
875 4244 909 4292 6
944 4237 1189 4291 Namlich
1234 4238 1369 4290 oben
1408 4254 1520 4289 nro.
1557 4237 1860 4289 CXXXVII
1909 4236 1966 4286 in
2005 4234 2124 4287 dem
2160 4233 2305 4286 brief
2334 4250 2406 4286 an

104 4315 169 4371 dio
209 4324 405 4380 Kal-ner
450 4328 691 4381 facultat.
770 4329 885 4381 Von
938 4342 1153 4379 unscrm
1191 4328 1333 4380 brief
1376 4326 1496 4394 gibt
1549 4324 1832 4377 nachricht
1881 4324 2068 4377 Petrus
2119 4325 2304 4390 Meyer
2349 4324 2408 4375 in

102 4408 243 4463 einem
276 4416 551 4469 schreiben
602 4428 673 4468 an
708 4416 907 4469 Arnold
944 4432 1048 4470 von
1087 4418 1338 4483 Tunger-n
1381 4418 1443 4467 10
1485 4414 1637 4466 Febr.
1679 4414 1833 4464 1512.
1897 4410 2280 4481 (Pfefferkorns
2315 4410 2406 4464 be·

102 4494 393 4572 schyrmung
428 4506 481 4558 Η
506 4508 549 4577 13
588 4506 686 4575 fg.)
