2950 5042
1255 396 1388 464 215

1131 583 1496 657 CLXXXV.

309 672 599 733 rmum
1556 732 1571 746 ,
1788 694 1796 701 ·
2014 678 2189 748 (April
2236 679 2417 746 1614.)

655 746 710 823 J
712 773 989 823 oannes
1025 747 1394 827 Beuchlin
1429 775 1533 825 an
1568 748 1921 829 Erasmus
1957 751 1981 801 ¹

185 892 301 976 gibt
337 892 482 961 eine
515 892 744 975 hune,
788 892 1082 963 ziemlich
1125 894 1576 982 sachgemiisse
1622 895 2033 985 schilderung
2076 896 2289 965 seines
2334 898 2490 965 han-

183 999 302 1064 dels
339 1000 454 1066 mit
495 1000 622 1067 den
668 1000 1001 1084 miinchen,
1053 1002 1395 1070 einerseits
1437 1003 1543 1070 bis
1605 1024 1721 1071 zur
1767 1004 2221 1091 verbrennung
2275 1002 2487 1071 seines

181 1106 628 1190 augenspiegels
673 1106 739 1171 in
787 1104 974 1187 ΚόΙιι,
1021 1105 1426 1176 andrerseits
1471 1108 1573 1177 bis
1605 1130 1749 1177 zum
1783 1111 1989 1179 erlass
2025 1108 2141 1178 des
2172 1110 2479 1196 Speierer

181 1206 430 1293 urtheils,
471 1212 732 1279 edhickt.
775 1213 896 1279 das
939 1212 1215 1281 letztere
1261 1214 1396 1281 und
1423 1212 1681 1282 'bittetz
1724 1223 1799 1283 ut
1846 1217 1902 1284 si
1946 1216 2031 1285 ab
2066 1213 2301 1283 invidis
2334 1222 2485 1283 ante

181 1334 382 1385 annum
451 1338 574 1402 ego
633 1318 878 1386 Saevus
935 1326 1004 1385 et
1061 1320 1148 1385 ad
1202 1320 1599 1406 Hercynium
1652 1324 1879 1409 jugum
1942 1320 2248 1389 habitans
2308 1318 2486 1407 apud

181 1422 380 1506 Angloe
407 1444 490 1490 ao
529 1424 884 1491 Britannos
929 1432 1080 1491 tuos
1111 1426 1234 1492 sim
1283 1430 1552 1493 notatus
1578 1426 1622 1507 ²,
1666 1448 1837 1494 nunc
1870 1428 2103 1495 saltem
2152 1449 2274 1513 per
2299 1433 2483 1493 tuam

180 1528 614 1597 defensionem.
644 1536 875 1597 contra
934 1530 1251 1598 librorum
1305 1530 1739 1600 incendiarios
1798 1533 2131 1601 restituar.
2205 1532 2484 1601 Franco-

181 1633 358 1701 fordia
397 1636 463 1701 in
509 1632 820 1704 nundinis
868 1637 1200 1723 Aprilibus
1255 1642 1447 1707 1514.

315 1745 640 1807 Gedruckt:
671 1746 899 1807 Erasmi
913 1747 1286 1809 Roterodami
1301 1766 1483 1825 opera
1494 1748 1595 1811 ed.
1620 1746 1891 1825 Lugduni
1908 1748 2259 1809 Batavorum
2284 1750 2451 1810 1703
2463 1794 2477 1823 ,

182 1850 258 1911 vol.
287 1850 381 1913 ΠΙ.
411 1854 610 1929 epist„
644 1852 794 1928 App.
829 1868 958 1915 nro.
993 1854 1054 1930 5,
1087 1854 1199 1915 col.
1237 1855 1424 1917 1524.

1114 2068 1513 2141 CLXXXVI.

287 2156 590 2229 Anabug.
2081 2166 2115 2213 ²
2153 2162 2286 2214 Juni
2330 2163 2481 2215 1514.

166 2245 462 2323 Joannes
495 2248 1044 2327 Buschenstain
1071 2255 1102 2309 ὅ
1135 2248 1545 2327 clarissimo
1583 2250 1745 2329 viro
1782 2250 1837 2327 J
1838 2252 2069 2326 oanni
2107 2251 2474 2327 Reuchlin

255 2371 646 2473 phorcensi
709 2374 862 2481 LL.
933 2374 1218 2450 doctori
1279 2375 1721 2477 praeceptori
1774 2402 1905 2451 suo
1975 2375 2049 2451 S.
2114 2375 2205 2450 D.
2264 2374 2349 2450 P.

309 2536 720 2627 Quamquam
783 2561 900 2628 ego
961 2545 1025 2607 te
1083 2538 1545 2608 humanissime
1590 2546 1960 2625 praeceptor
2014 2538 2101 2609 ab
2149 2558 2227 2605 eo
2274 2560 2481 2623 usque

161 2644 420 2731 tempore
469 2666 604 2733 quo
650 2666 883 2713 nomen
930 2651 1113 2713 tuum
1158 2645 1317 2712 mihi
1348 2647 1697 2761 cognitum
1705 2646 1849 2729 fuit,
1894 2643 2232 2713 absentem
2267 2642 2480 2709 colue-

160 2746 258 2811 rim
300 2755 566 2837 tamque
625 2750 865 2819 famam
926 2758 1160 2838 aperto
1217 2773 1332 2819 ore
1393 2722 1697 2819 omnibus
1749 2749 2280 2837 praedicaverim,
2340 2755 2478 2815 tum

165 2855 312 2937 quod
341 2858 592 2925 eisdem
627 2858 861 2926 studiis
895 2858 1097 2927 sacris
1129 2858 1377 2925 scilicet
1407 2858 1816 2925 hebraeorum
1847 2855 2056 2923 literis
2097 2849 2333 2921 intenti
2362 2854 2481 2921 fui-

159 2978 296 3043 mus,
342 2968 482 3031 tum
531 2970 808 3049 propter
865 2966 1155 3049 egregias
1214 2964 1415 3032 animi
1473 2964 1571 3033 tui
1631 2963 1907 3031 virtutes
1962 2959 2483 3049 singularemque

162 3086 269 3149 qua
311 3069 602 3156 reliquos
649 3070 958 3139 mortales
1007 3069 1270 3137 excellis
1318 3070 1746 3137 eruditionem
1780 3076 1847 3138 et
1878 3068 2230 3137 multarum
2261 3088 2481 3135 rerum

160 3172 588 3243 multimodam
648 3177 1015 3259 scientiam,
1083 3175 1531 3262 superioribus
1594 3182 1813 3243 tamen
1873 3175 2103 3243 diebus
2150 3174 2304 3242 dum
2349 3174 2478 3241 Aua

159 3288 334 3359 gustae
382 3304 619 3367 ageres
659 3283 708 3365 4,
771 3304 874 3349 me
945 3289 1075 3351 tuae
1121 3282 1485 3369 praesentiae
1550 3281 2047 3349 mansuetudine
2096 3285 2165 3346 et
2208 3278 2486 3347 benevo-

157 3380 333 3453 lentia
376 3389 548 3475 adeo
597 3388 724 3455 tibi
769 3388 1132 3471 devinxisti,
1179 3388 1344 3455 adeo
1392 3388 1459 3454 in
1507 3408 1795 3456 amorem
1840 3388 1939 3453 tui
1984 3385 2359 3467 accendisti,
2406 3392 2483 3453 ut

159 3490 308 3573 mihi,
355 3495 412 3561 si
459 3516 627 3583 opus
657 3494 856 3561 fuerit
887 3496 1102 3561 omnia
1147 3493 1426 3562 adversa
1471 3501 1540 3561 et
1583 3499 1943 3561 extremam
1976 3492 2175 3557 etiam
2206 3490 2483 3557 necessi-

159 3600 336 3665 tatem
399 3623 526 3689 pro
592 3607 660 3667 te
706 3603 878 3687 pati,
942 3601 1085 3669 leve
1146 3606 1338 3669 esset.
1431 3600 1601 3678 Quid
1658 3598 1739 3665 de
1786 3603 1919 3666 iun.
1962 3596 2031 3662 in
2088 3616 2192 3661 me
2236 3594 2365 3661 fide
2414 3600 2483 3663 et

162 3703 382 3783 pietate
433 3707 668 3789 dicam,
717 3730 914 3795 quam
959 3706 1417 3775 beneficiorum
1463 3705 1973 3775 vicissitudinem
2015 3702 2137 3769 tibi
2187 3701 2478 3770 reddam.

160 3807 310 3879 Deus
379 3814 670 3897 optimus
732 3815 1050 3883 maximus
1109 3814 1220 3901 qui
1277 3812 1576 3879 omnibus
1642 3810 1903 3882 abunde
1970 3808 2306 3895 providet,
2370 3808 2483 3878 ille

161 3914 260 3981 tibi
300 3920 574 4003 praemia
620 3919 813 4005 digna
858 3919 1049 4000 ferat,
1097 3920 1426 4004 faciatque
1473 3925 1547 3985 ut
1591 3917 1694 3983 his
1740 3916 1974 4002 quibus
2012 3916 2150 4000 jam
2207 3912 2480 3998 agitaris

159 4018 444 4091 fluctibus
507 4032 775 4110 ereptus
833 4026 900 4091 in
969 4031 1184 4092 tutum
1247 4024 1513 4091 tandem
1572 4028 1830 4109 portum
1888 4021 2075 4087 laetus
2139 4020 2482 4101 devenias3

159 4128 234 4207 te,
271 4129 556 4217 inquam,
605 4153 686 4197 ex
727 4132 846 4199 illa
887 4131 1167 4199 adversa
1225 4130 1524 4211 fortuna,
1584 4129 1949 4215 iniquisque
1993 4124 2484 4193 machinationi-

1302 4262 1338 4301 ⁸1:

293 4350 333 4399 1-
354 4349 468 4401 Fur
491 4350 667 4402 diesen
693 4349 844 4403 brief
875 4350 946 4403 ist
979 4365 1047 4402 zu
1081 4350 1192 4419 vgl.
1220 4350 1476 4403 Reuchlin
1514 4366 1555 4402 s.
1596 4352 1717 4401 337.
1864 4354 1893 4398 2
1934 4346 2053 4415 Vgl.
2080 4346 2215 4399 oben
2244 4348 2306 4398 10
2332 4346 2479 4398 Mare

166 4434 284 4486 1510
320 4452 434 4490 nro.
472 4438 690 4491 oxma.
835 4444 866 4491 3
904 4426 1046 4493 Uber
1087 4439 1146 4491 B.
1195 4456 1236 4491 s.
1284 4440 1422 4490 mein
1461 4438 1696 4489 studium
1743 4436 1833 4487 der
1870 4434 2011 4488 hebr.
2052 4434 2283 4503 sprache,
2325 4451 2363 4487 s.
2406 4438 2473 4489 48

162 4518 232 4575 bis
266 4526 347 4579 55.
494 4532 526 4579 4
562 4528 686 4604 Vgl.
724 4528 858 4587 oben
895 4546 1008 4587 nro.
1049 4526 1362 4587 CLXXXIII
1397 4528 1508 4580 und
1546 4523 1873 4583 CLXXXIV.
