2950 5042
1291 396 1423 464 263

367 624 376 633 ·
635 658 640 665 ,
1202 585 1509 657 CCXXX.
2483 640 2495 648 ,

343 678 610 742 stuttgart.
2034 682 2101 731 24
2140 678 2258 731 Oct.
2305 680 2454 733 1516.

219 762 829 841 Excellentissimo
881 762 1109 839 studii
1153 762 1593 840 Viennensis
1644 766 2108 845 noviciorum
2146 768 2531 871 gymnasi-'

215 888 438 965 archae
455 888 760 965 domino
791 886 1136 963 Vadiano
1163 887 1659 967 studiosorum
1687 888 2009 993 principi
2043 903 2115 965 et
2150 892 2529 993 literarum

329 1010 726 1111 legislatori
761 1012 1203 1087 amicissimo
1240 1039 1372 1089 suo
1408 1017 1432 1067 1
1471 1012 1553 1117 [J
1554 1040 1621 1087 0
1660 1012 2059 1116 Reuchlin]
2095 1040 2151 1089 s.
2194 1015 2266 1091 (1.
2306 1043 2381 1117 p.

369 1157 576 1224 Crede
621 1157 797 1239 mihi,
843 1159 1045 1225 tantis
1099 1178 1242 1223 sum
1305 1158 1582 1227 obrutus
1628 1161 1935 1244 negociis,
1990 1166 2067 1227 ut
2125 1161 2523 1247 elegantissi-

213 1262 313 1329 mis
369 1264 502 1330 tuis
575 1262 784 1331 literis
854 1285 934 1330 ne
995 1262 1278 1332 barbare
1350 1264 1647 1351 quidem,
1692 1272 1765 1331 ut
1855 1265 2055 1346 soleo,
2124 1252 2521 1351 respondere
2592 1252 2597 1257 ’

211 1376 356 1434 nunc
413 1369 676 1454 possim.
781 1370 996 1449 Quare
1057 1370 1268 1436 tolera
1323 1370 1695 1437 humaniter
1750 1371 2231 1437 excusationem
2289 1394 2521 1455 meam,

209 1474 453 1557 posthac
499 1480 726 1542 nostra
769 1474 1019 1541 videbis
1065 1474 1503 1543 abundantius
1536 1476 1639 1543 vel
1668 1475 1924 1543 libellos
1959 1478 1985 1517 ²
2042 1476 2278 1563 quibus
2328 1478 2522 1545 suda-

209 1598 330 1645 mus
370 1580 435 1645 in
481 1582 830 1666 praesentia
875 1581 1046 1647 haud
1083 1583 1396 1665 segniter.
1489 1584 1778 1667 Expecto
1828 1582 2116 1668 quotidie
2164 1583 2522 1649 Romanam

208 1686 602 1766 sententiam,
663 1688 912 1753 utinam
972 1708 1092 1773 pro
1155 1688 1341 1753 nobis
1403 1694 1470 1753 et
1532 1710 1651 1772 pro
1699 1690 1977 1756 veritate
2025 1689 2517 1755 decernendam.

209 1790 364 1856 Tunc
407 1791 716 1858 liberiore
780 1814 943 1858 vena
1005 1794 1089 1859 ad
1137 1798 1202 1859 te
1253 1799 1319 1859 et
1385 1794 1549 1860 alios
1594 1794 1749 1859 mihi
1812 1794 2100 1874 deditos,
2165 1794 2521 1861 auxiliante

208 1896 338 1978 Deo,
360 1898 783 1982 perscribam.
847 1897 1024 1965 Vale.
1045 1898 1486 1985 Stuttgardiae,
1522 1899 1677 1965 9K1.
1708 1899 2091 1967 Novembris
2121 1922 2290 1967 anno
2330 1905 2520 1967 1516.

968 2005 1252 2071 Joannes
1301 2005 1617 2071 Reuchlin
1662 2006 2046 2073 Phorcensis
2097 2006 2220 2071 LL.
2272 2006 2427 2071 Doc.

353 2130 714 2191 Handschr.:
771 2137 799 2191 1
839 2150 922 2189 =
954 2132 1368 2193 Vedianischer
1395 2132 1788 2194 briefwechsel
1828 2134 1923 2193 bd.
1966 2138 2019 2193 1.
2052 2152 2099 2193 s.
2138 2136 2214 2193 81
2254 2124 2418 2212 (bibl.
2450 2152 2523 2195 zu

201 2236 270 2296 St.
315 2237 547 2313 Gallen)
597 2244 822 2313 autogr.
921 2243 956 2299 2
994 2258 1076 2297 ··..=
1115 2239 1476 2301 Huberische
1508 2241 1845 2315 sammlung.
1921 2240 2091 2301 Band
2124 2244 2205 2301 49
2236 2239 2343 2301 der
2366 2240 2523 2315 Apo-

201 2344 420 2418 grapha:
472 2346 734 2420 epistolae
775 2344 850 2405 ad
907 2345 1268 2405 Joachimum
1329 2346 1679 2419 Vadianum,
1723 2346 1795 2407 de
1854 2348 2015 2422 ipsis,
2050 2362 2178 2423 quae
2224 2348 2284 2405 in
2314 2345 2523 2407 biblio-

197 2448 344 2509 theca
385 2451 441 2511 S.
495 2452 564 2510 P.
619 2451 686 2523 Q.
745 2450 1136 2525 sangallensis
1187 2453 1598 2527 adservantur,
1658 2453 2036 2528 originalibus
2096 2452 2521 2527 exemplaribus

197 2557 588 2633 transscriptae.
624 2554 740 2631 (G2
774 2556 850 2629 H,
883 2559 966 2617 38
1001 2556 1108 2619 der
1135 2556 1294 2618 Basl.
1328 2554 1503 2637 bibl.)
1534 2559 1611 2619 bl.
1648 2561 1751 2618 41.

550 2788 555 2791 -
1182 2741 1519 2811 CCXXXI.
2463 2799 2468 2804 .

316 2833 594 2901 Stuttgart.
2012 2832 2072 2880 13
2114 2829 2243 2881 Nov.
2292 2832 2440 2889 1516.

194 2917 496 2997 Joannes
553 2918 922 2995 Reuchlin
976 2918 1406 3021 phorcensis
1461 2918 1778 2994 Nicolao
1834 2916 2211 3021 Ellenbog
2264 2946 2318 2993 s.
2381 2918 2453 2994 d.
2487 2925 2517 2973 ³

350 3069 556 3149 Quem
589 3068 676 3135 ad
707 3074 770 3135 te
803 3068 1015 3148 mitto,
1053 3067 1316 3149 Nicolae,
1352 3068 1584 3135 harum
1616 3074 2037 3147 ostensorem,
2061 3068 2116 3135 is
2149 3068 2233 3135 ab
2266 3066 2517 3134 amicis-

117 3156 123 3163 ’
191 3171 334 3239 simo
380 3182 444 3241 et
491 3174 624 3241 mei
667 3174 1113 3241 amantissimo
1159 3176 1430 3241 Erasmo
1460 3174 1897 3241 Roterodamo
1944 3196 2091 3241 cum
2136 3174 2343 3241 literis
2383 3174 2517 3241 suis

194 3297 295 3359 pro
337 3302 518 3346 more
567 3279 1062 3363 elegantissimis
1119 3281 1206 3345 ad
1251 3302 1353 3345 me
1385 3281 1659 3347 nuncius
1706 3281 2001 3347 accessit.
2099 3280 2230 3360 Vir,
2276 3286 2351 3346 ut
2397 3300 2515 3363 ego

194 3381 262 3447 de
301 3386 482 3459 ,vultu
531 3386 824 3470 conjiciO,
886 3384 1237 3453 admodum
1269 3385 1679 3453 venerandus
1724 3392 1792 3453 et
1825 3393 1959 3453 tam
2000 3386 2182 3471 gravi
2213 3387 2510 3452 mittente

197 3487 617 3559 Roterodamo
665 3492 912 3575 dignus.
1019 3491 1178 3570 Quis
1225 3491 1396 3557 enim
1455 3513 1585 3557 non
1648 3492 1863 3558 omnia
1908 3512 2052 3576 quae
2107 3490 2193 3559 ab
2238 3492 2511 3557 Erasmo

1330 3622 1366 3661 ὴ

289 3712 621 3767 lAufschx-ift
647 3710 992 3779 ausgelassen
1010 3717 1058 3763 2.
1135 3718 1162 3763 2
1181 3714 1264 3763 De
1293 3718 1400 3763 arte
1419 3712 1735 3763 cabalistica
1758 3728 1799 3762 s.
1826 3720 1983 3763 unten
2002 3728 2113 3763 nro.
2136 3708 2519 3771 ccxxxvm.

196 3799 222 3847 3
253 3783 390 3853 liber
425 3801 610 3855 seinen
661 3802 906 3853 friiheren
953 3801 1322 3853 briefwechsel
1372 3802 1467 3851 mit
1506 3800 1763 3852 Reucblin
1810 3800 2043 3853 schreibt
2077 3797 2343 3865 Ellenbog
2384 3798 2517 3871 1526

197 3884 242 3934 in
288 3887 367 3939 die
407 3891 554 3941 Sexti
603 3906 668 3940 an
718 3892 898 3940 seiuen
950 3890 1136 3941 sreuud
1183 3890 1361 3940 Jakob
1414 3892 1685 3941 Gruerius.
1774 3892 1961 3941 Dieser
2012 3890 2157 3939 hatte
2202 3888 2311 3937 ihm
2359 3902 2517 3951 ange·

198 3972 355 4040 boten,
391 3969 769 4042 collectaneen,
809 3979 894 4029 die
933 3995 988 4029 er
1023 3980 1076 4027 in
1105 3978 1392 4029 Reuehlins
1419 3978 1769 4045 vorlesungen
1795 3976 2121 4045 gesammelt,
2160 3990 2223 4025 zu
2249 3975 2519 4039 schicken,

195 4064 292 4113 und
314 4065 576 4135 Ellenbog
611 4068 754 4118 hatte
793 4084 848 4117 es
876 4082 1285 4133 angenommen:
1323 4069 1516 4117 mirum
1556 4068 1694 4117 enim
1736 4066 1879 4117 dictu
1920 4080 2075 4131 quam
2114 4063 2276 4116 faciat
2314 4062 2379 4113 ad
2417 4071 2523 4115 sto-

200 4154 426 4205 maehum
480 4173 651 4208 meum
701 4157 980 4207 reuchlina
1032 4163 1214 4223 parata
1252 4157 1447 4205 culina.
1526 4155 1646 4205 Fuit
1684 4154 1812 4205 mihi
1852 4155 1931 4205 vir
1980 4154 2071 4204 ille
2111 4152 2525 4203 humanissimus

201 4254 292 4291 non
333 4260 512 4310 parum
567 4246 806 4306 affectus,
853 4245 976 4295 dum
1014 4248 1068 4295 in
1117 4246 1366 4295 humanis
1413 4251 1571 4295 esset.
1644 4244 1711 4293 Et
1765 4243 1891 4293 lieet
1936 4259 2001 4293 ex
2038 4243 2175 4294 facie
2214 4242 2522 4292 alterutrum

200 4342 283 4379 nos
317 4348 414 4384 non
443 4335 744 4385 noverimus
783 4336 950 4386 literis
976 4342 1151 4386 tamen
1177 4334 1539 4399 frequentibus
1566 4332 1779 4397 (quibus
1802 4331 2115 4382 rusticorum
2152 4331 2247 4382 illa
2272 4328 2525 4381 seditiosa

199 4414 326 4469 factu
366 4438 444 4473 me
480 4423 732 4489 privavit)
774 4439 855 4473 me
893 4423 1040 4485 adiit,
1078 4438 1212 4488 quas
1248 4438 1374 4472 sane
1413 4428 1473 4471 ut
1500 4420 1670 4471 Croesi
1710 4436 1837 4485 opes
1874 4436 2035 4486 penes
2062 4437 2145 4473 me
2184 4418 2519 4473 reservabam

199 4513 243 4561 §t
273 4507 651 4570 deosculabam.
691 4514 754 4567 Α.
795 4527 840 4567 a.
881 4528 948 4583 0.,
953 4512 1088 4567 vol.
1125 4513 1168 4577 Ι,
1204 4510 1300 4563 lib.
1335 4510 1426 4573 IV,
1463 4526 1543 4578 ep.
1584 4511 1669 4574 49,
1706 4508 1799 4563 fol.
1848 4510 1962 4565 133.
