2950 5042
1587 400 1716 469 172

477 592 649 661 bono
748 592 909 661 nihil
1008 591 1163 661 mali
1254 590 1552 659 accidere
1635 612 1826 679 posse
1851 640 1868 673 ,
1966 611 2178 680 neque
2265 592 2505 660 viventi
2597 614 2794 679 neque

476 698 803 766 defuncto.

650 805 755 870 Ita
800 802 1101 871 Socrates
1174 803 1285 889 qui
1354 823 1473 869 nec
1531 802 1986 889 Aristophanis
2045 804 2375 885 illusione,
2437 823 2558 869 nec
2609 801 2794 887 Anyti

475 910 875 997 proditione,
920 931 1040 976 nec
1088 908 1295 977 Meliti
1341 910 1783 990 accusatione,
1840 931 1961 976 nec
2013 909 2307 995 judicum
2363 908 2796 995 peremptione

477 1021 809 1101 postremo
855 1037 973 1081 nec
1016 1014 1379 1081 invidorum
1426 1015 1708 1081 omnium
1755 1014 2043 1097 conflata
2089 1016 2410 1082 calumnia
2439 1014 2798 1097 absorptae,

478 1120 596 1187 sed
660 1114 871 1187 multo
930 1119 1135 1205 magis
1190 1140 1311 1185 sua
1368 1126 1577 1187 morte
1638 1121 2023 1188 immortalis
2069 1121 2282 1188 factus
2353 1126 2455 1187 est
2529 1119 2624 1185 sic
2682 1120 2797 1185 ait:

478 1230 829 1293 ἀποκτεῖναι
914 1226 989 1317 μὲ
1064 1216 1387 1307 δύνανται,
1458 1222 1686 1315 βλάψκι
1758 1217 1826 1293 δὲ
1907 1232 1974 1293 οὐ
2056 1220 2362 1293 δύνανται.
2487 1225 2659 1291 Nam
2737 1232 2794 1289 te

482 1353 693 1417 groeca
749 1352 1007 1418 quoque
1062 1330 1277 1415 legere
1337 1336 1407 1396 et
1460 1331 1826 1417 intelligere
1886 1333 2130 1414 senti0,
2185 1338 2261 1398 ut
2306 1354 2388 1397 ex
2431 1330 2564 1397 tuis
2611 1351 2794 1397 amoe·

476 1436 763 1504 nissimis
822 1437 1031 1503 literis
1092 1436 1335 1521 accepi.
1424 1436 1600 1503 Vivit
1655 1437 1856 1523 igitur
1904 1440 1972 1504 in
2016 1443 2329 1504 aeternum
2378 1436 2684 1505 Socrates
2740 1443 2799 1502 et

482 1542 843 1628 triumphat
888 1564 1036 1609 cum
1080 1542 1303 1627 gloria,
1351 1542 1612 1627 quando
1644 1538 2165 1609 adversariorum
2195 1564 2461 1610 suorum
2492 1543 2798 1609 memoria

479 1649 582 1715 vel
641 1648 927 1714 extincta
992 1654 1092 1714 est
1146 1646 1435 1714 funditus
1506 1650 1608 1714 vel
1669 1648 1986 1715 scintillat
2045 1650 2112 1715 in
2173 1649 2388 1715 cinere
2435 1670 2584 1715 cum
2633 1648 2798 1733 igno-

477 1754 695 1821 minia.
790 1753 1003 1833 Quare
1050 1758 1125 1819 ut
1167 1775 1295 1819 non
1359 1753 1638 1837 sinerem
1682 1761 1749 1821 te
1792 1756 1862 1820 in
1909 1755 2038 1821 tuis
2083 1760 2354 1841 propter
2398 1776 2502 1819 me
2561 1754 2631 1819 in
2677 1774 2804 1821 mo-

477 1859 685 1926 lestiis
730 1859 973 1926 diutius
1041 1860 1333 1944 torqueri
1398 1860 1544 1926 istis
1612 1862 1772 1927 meis
1841 1860 1943 1943 (ut
2005 1860 2194 1927 multi
2240 1881 2614 1946 quanquam
2683 1880 2800 1925 non

479 1971 659 2031 recte
705 1965 965 2050 putant)
1030 1964 1450 2031 incommodis
1513 1966 1780 2051 exposui
1839 1967 1958 2032 tibi
2020 1967 2176 2052 quid
2223 1966 2532 2033 sentirem
2583 1966 2669 2031 de
2715 1966 2795 2031 in-

480 2070 774 2136 vidorum
822 2055 1051 2155 'iniquo
1110 2071 1175 2135 in
1238 2091 1340 2136 me
1405 2071 1622 2137 studio
1685 2077 1752 2138 et
1807 2071 2158 2139 execrabili
2203 2072 2516 2138 adversus
2563 2072 2794 2137 famam

477 2196 688 2241 meam
734 2176 1000 2241 consilio
1045 2176 1113 2240 in
1156 2177 1510 2260 perniciem
1557 2178 1850 2244 veritatis
1894 2178 2073 2257 inite,
2147 2199 2275 2263 quo
2324 2176 2804 2261 improbitatem

480 2304 664 2347 suam
723 2282 1003 2367 posteris
1062 2281 1429 2348 inciderunt
1472 2284 1656 2349 Buxo
1702 2288 2019 2370 perpetue
2076 2282 2581 2349 memorandam.
2673 2283 2807 2347 Non

482 2388 649 2453 enim
716 2408 795 2453 ea
862 2386 1305 2453 detractorum
1368 2389 1740 2454 immanitas
1809 2394 1878 2455 et
1923 2388 2088 2453 tanti
2133 2389 2398 2455 sceleris
2445 2389 2547 2455 sui
2595 2389 2812 2455 crude-

480 2495 635 2561 litas
664 2516 767 2560 me
799 2494 911 2579 qui
940 2493 1366 2580 probabiliter
1394 2516 1550 2560 vera
1575 2494 1804 2579 scripsi
1833 2499 1900 2560 et
1928 2495 2203 2561 honesta
2223 2493 2536 2575 consului,
2585 2494 2701 2559 sed
2743 2516 2812 2559 se

483 2601 659 2685 ipsos
704 2600 969 2665 tandem
1015 2600 1253 2665 laedent
1297 2601 1409 2684 qui
1454 2600 1620 2666 male
1678 2605 2155 2684 perverterunt.
2231 2600 2367 2683 Ego
2401 2620 2552 2665 vero
2586 2598 2813 2665 beatus

480 2709 740 2773 futurus
788 2728 929 2772 sum
978 2728 1165 2790 quem
1213 2703 1596 2791 persequuti
1637 2709 1789 2770 sunt
1816 2710 2086 2790 propter
2121 2705 2472 2789 justiciam,
2519 2705 2660 2771 sine
2691 2727 2817 2789 qua

481 2812 642 2879 nihil
685 2818 907 2897 potest
952 2832 1095 2878 esse
1143 2811 1490 2877 laudabile.
1583 2809 1753 2890 Quid
1797 2816 2015 2876 autem
2062 2811 2278 2895 potius
2311 2811 2603 2877 sanctius
2649 2832 2692 2875 a
2718 2832 2815 2875 me

480 2919 625 2987 fieri
657 2918 913 3004 quando
947 2917 1149 2983 statui
1180 2917 1263 2983 ad
1296 2915 1489 2983 fidem
1540 2923 1828 2982 nostram
1861 2916 2123 2982 Judaeos
2154 2936 2282 2981 non
2315 2915 2662 3001 tyrannide
2697 2917 2818 2981 ulla

480 3046 737 3109 rapere‚·
762 3024 877 3090 sed
916 3029 990 3090 ut
1013 3025 1167 3109 jura
1192 3021 1431 3103 volunt}
1456 3022 1828 3107 benigniore
1859 3021 2206 3088 concordia
2239 3022 2477 3088 ducere
2511 3043 2658 3107 quae
2689 3023 2818 3107 qui·

484 3132 631 3197 dem
648 3130 1011 3208 concordia,
1028 3135 1105 3194 ut
1124 3130 1218 3195 ait
1236 3128 1462 3194 Cicero
1485 3131 1526 3209 ¹,
1555 3150 1698 3194 esse
1717 3150 1846 3194 non
1864 3134 2084 3213 potest
2102 3149 2248 3194 cum
2269 3128 2414 3194 aliis
2429 3128 2817 3204 adimuntur,

484 3237 631 3301 aliis
684 3236 1132 3301 condonantur
1176 3235 1485 3317 pecuniae.
1579 3234 1828 3301 Deinde
1879 3235 2152 3319 aequitas
2196 3233 2454 3300 tollitur
2501 3235 2732 3312 omnis,
2771 3234 2818 3299 si

482 3342 728 3410 habere
784 3362 969 3407 suum
1031 3339 1265 3426 cuique
1323 3361 1449 3405 non
1517 3339 1688 3405 licet.
1799 3340 1926 3405 Sed
1997 3340 2133 3405 haec
2195 3340 2552 3407 Rhetorum
2611 3340 2819 3407 decla-

482 3447 877 3516 mationibus
938 3447 1356 3513 committam.
1479 3446 1665 3511 Nunc
1735 3446 1818 3511 de
1895 3446 2232 3511 Ammiano
2305 3445 2692 3511 Marcellino
2760 3444 2820 3509 id

484 3555 607 3621 tibi
665 3552 1065 3640 persuadeas
1124 3551 1313 3617 velim
1332 3601 1349 3630 ‚
1416 3551 1487 3616 in
1561 3552 1857 3618 omnibus
1918 3573 2020 3618 me
2089 3552 2190 3617 tui
2252 3551 2616 3618 studiosum
2683 3550 2819 3617 fore

484 3682 629 3746 quae
688 3660 1003 3725 interesse
1065 3665 1180 3725 tua
1239 3663 1355 3725 aut
1416 3657 1614 3723 etiam
1678 3664 1744 3723 te
1827 3658 1988 3723 velle
2051 3657 2415 3724 existimem
2475 3656 2594 3722 ubi
2655 3656 2822 3722 adsit

486 3764 785 3832 facult-as.
880 3763 1007 3831 Sed
1066 3764 1150 3829 ad
1212 3762 1536 3829 neminem
1595 3764 1844 3829 autoris
1913 3763 2052 3848 ejus
2113 3762 2438 3829 volumina
2485 3762 2822 3829 divertisse

480 3872 661 3951 novi,
741 3871 866 3936 nisi
942 3870 1029 3933 ad
1097 3869 1489 3952 Vangiorum
1568 3870 1946 3953 episcopum
2010 3869 2076 3933 in
2158 3868 2465 3953 praesenti
2529 3873 2820 3953 tempore

482 3977 798 4044 librorum
855 3975 1179 4060 hospitem
1251 3981 1429 4043 certe
1489 3996 1692 4061 supra
1745 3996 1938 4060 quam
2008 3974 2134 4040 dici
2195 3980 2394 4059 queat
2450 3980 2754 4040 tenacem
2785 3973 2820 4035 ².

485 4084 573 4149 At
624 4082 760 4148 illic
813 4081 1119 4166 ponderis
1174 4082 1335 4147 nihil
1393 4081 1664 4147 habebit
1708 4081 2087 4147 intercessio
2136 4100 2282 4146 mea
2329 4079 2629 4165 quamvis
2677 4080 2820 4146 olim

1643 4257 1682 4293 ὕ

634 4364 655 4409 1
699 4358 905 4426 Cicero]
944 4360 1031 4410 off.
1072 4365 1121 4421 2,
1158 4361 1241 4411 78.
1389 4364 1417 4409 2
1460 4359 1685 4410 Bischof
1717 4375 1820 4409 von
1849 4360 2061 4409 Worms
2102 4373 2210 4415 war
2235 4356 2500 4407 Reinhard
2539 4357 2593 4407 11
2631 4371 2681 4405 v.
2711 4354 2820 4419 Rip-

483 4462 597 4514 pur,
634 4448 854 4498 erwahlt
898 4452 1029 4501 1503
1070 4452 1149 4506 29
1175 4451 1329 4528 Aug„
1364 4450 1646 4526 resigniert
1690 4452 1841 4519 1523,
1880 4448 2119 4524 Dalburg
2160 4460 2266 4496 war
2308 4446 2441 4495 1503
2483 4447 2552 4495 28
2587 4444 2704 4495 Juli
2739 4456 2818 4519 ge-

487 4534 720 4595 sterben,
