2950 5042
1328 394 1450 465 181

1272 644 1494 714 CLIII.

358 752 655 820 Tubingen.
1925 810 1936 817 ⁵
2099 751 2264 821 (sept.
2313 755 2488 824 1512.)

321 908 373 985 J
374 933 652 982 oannes
706 905 1245 983 Hiltebrandus
1300 906 1818 1009 Svecingensis
1851 906 1876 957 ¹
1929 934 2030 983 an
2081 907 2450 985 Reuchlin

224 1071 465 1139 schickt
522 1071 655 1137 ihm
706 1071 779 1135 Α.
838 1092 893 1135 v.
941 1069 1275 1155 Tunger-ns
1320 1071 1600 1139 Articuli
1632 1072 1658 1113 ²
1717 1071 1851 1139 sive
1897 1070 2374 1158 propositiones
2388 1120 2404 1152 ‚
2449 1070 2556 1141 die

225 1176 521 1245 Anshelm
551 1197 675 1243 von
706 1175 825 1243 der
847 1174 1275 1243 Frankfurter
1298 1198 1508 1245 messe
1539 1178 1971 1263 mitgebracht
2006 1178 2125 1245 hat
2145 1177 2278 1244 und
2303 1198 2557 1243 ermun-

225 1288 348 1351 tert
389 1282 523 1361 ihn,
568 1280 697 1349 den
726 1279 963 1366 angriff
1000 1280 1464 1369 gleichmiithig
1511 1306 1588 1351 zu
1621 1290 1944 1369 orti-agen.
2012 1283 2202 1365 Vale,
2248 1282 2555 1368 Tubingae

228 1409 382 1455 anno
437 1392 629 1453 1512.

386 1513 710 1577 Gedruckt:
742 1515 798 1577 J.
831 1532 887 1577 v.
918 1531 972 1577 e.
1002 1508 1128 1577 εδδ.

1277 1699 1494 1770 CLIV.

351 1792 629 1857 stuttgart.
2083 1796 2105 1842 1
2163 1791 2284 1843 Oct.
2332 1792 2482 1843 1512.

425 1931 478 2005 J
480 1953 758 2003 oannes
810 1926 1177 2003 Reuchlin
1232 1928 1673 2005 Phorcensis
1727 1956 1828 2004 an
1879 1927 2353 2005 Hiltebrand.

386 2095 478 2160 Er
525 2093 619 2160 sei
656 2098 875 2159 zuerst
920 2092 1084 2160 iiber
1102 2074 1235 2160 'das
1287 2093 1458 2160 buch
1508 2094 1955 2175 erschrocken‚
2002 2093 2172 2160 habe
2197 2093 2369 2160 dann
2398 2091 2560 2158 aber

215 2199 612 2285 eingesehen,
657 2200 773 2264 wie
817 2220 1041 2282 grosse
1075 2198 1307 2265 thoren
1354 2199 1457 2265 die
1492 2199 1687 2281 scien,
1735 2199 1978 2266 welche
2013 2219 2135 2265 von
2167 2199 2285 2265 der
2330 2220 2558 2283 menge

211 2304 316 2370 fiir
377 2304 569 2370 weise
638 2302 940 2388 gehalten
1007 2304 1301 2386 wiirden3
1372 2305 1514 2390 gibt
1581 2305 1686 2371 die
1753 2304 1986 2372 stellen
2045 2303 2257 2371 seines
2315 2325 2553 2389 augen-

211 2410 488 2495 spiegels
534 2430 643 2490 an,
686 2430 807 2475 aus
852 2409 1134 2477 welchen
1180 2410 1286 2477 die
1320 2411 1565 2477 ΚόΙηθι·
1614 2409 1755 2476 ihre
1803 2418 1888 2478 44
1934 2409 2408 2496 propositiones
2450 2431 2555 2495 ge-

207 2538 407 2600 zogen
450 2514 685 2595 haben,
730 2512 1021 2599 zugleich
1066 2515 1193 2583 den
1238 2522 1361 2596 ort,
1410 2538 1505 2583 wo
1553 2537 1626 2583 er
1671 2516 1813 2583 ihre
1858 2516 2172 2584 vorwiirfe
2225 2514 2560 2603 widerlegt

208 2644 285 2688 zu
330 2621 549 2687 haben
597 2618 965 2706 glaubt.1
1010 2622 1194 2688 Dieb.
1241 2622 1524 2705 Octobr„
1571 2643 1673 2689 an.
1728 2627 1918 2689 1512.

388 2746 717 2809 Gedruckt:
750 2748 806 2808 J.
841 2766 894 2810 v.
930 2766 979 2809 e.
1012 2743 1076 2809 sb
1107 2748 1186 2827 fg.

1373 2916 1409 2957 Q

357 3039 375 3084 1
423 3032 664 3082 Joannes
693 3032 1087 3086 Hildebrandus
1114 3034 1491 3100 Succingensis
1517 3047 1653 3083 anno
1676 3032 1943 3098 superiore
1969 3030 2078 3081 fato
2097 3029 2378 3081 defunctus
2403 3028 2559 3082 homo

212 3138 383 3185 verus,
426 3122 631 3188 integer
668 3124 791 3173 vitas
817 3122 1136 3189 scelerisque
1160 3136 1337 3189 purus,
1366 3120 1572 3189 ⁸iudicio
1605 3121 1661 3171 in
1699 3121 1868 3171 literis
1895 3120 2023 3184 aori,
2061 3118 2306 3186 paideian
2331 3124 2566 3171 sectatus

212 3218 286 3261 est
322 3210 586 3261 adhibitis
614 3211 1113 3276 jurisconsultorum
1150 3211 1446 3277 praeceptis,
1481 3224 1682 3275 graecas
1707 3208 2044 3276 hebi-masque
2080 3210 2260 3259 literas
2296 3220 2565 3260 sacrorum

212 3314 403 3351 caussa
445 3300 576 3349 miro
603 3298 786 3350 ardore
825 3299 1006 3361 coluit,
1039 3300 1177 3366 quod
1217 3298 1327 3350 illis
1363 3300 1496 3366 ipsis
1521 3299 1696 3349 omnia
1721 3299 1935 3364 pietatis
1961 3302 2297 3349 monumenta
2322 3302 2566 3348 constare

214 3387 429 3439 diceret.
508 3386 637 3437 Nam
678 3403 739 3438 eo
782 3388 1101 3453 contulerat,
1144 3391 1189 3439 si
1228 3404 1319 3455 per
1355 3388 1467 3437 fata
1504 3388 1769 3451 licuisset,
1807 3402 1991 3437 omnes
2030 3386 2192 3436 animi
2230 3392 2468 3447 conatus,
2506 3390 2565 3433 ut

214 3486 401 3530 sancte
440 3476 837 3543 synesi-iterque
874 3476 1053 3527 studia
1076 3476 1203 3527 olim
1240 3491 1392 3527 sacra
1428 3482 1692 3537 tractaret,
1726 3473 1779 3523 id
1805 3472 1948 3539 quod
1971 3472 2210 3525 moribus
2249 3484 2314 3523 ac
2348 3472 2563 3537 ingenio

213 3582 312 3631 prae
351 3581 417 3618 se
454 3563 671 3628 ferebat,
710 3564 919 3616 laudem
959 3580 1025 3615 ex
1062 3566 1255 3616 studiis
1283 3564 1500 3614 multam
1539 3565 1652 3615 sine
1690 3560 1896 3611 invidia
1936 3561 2016 3610 vir
2055 3561 2225 3611 bonus
2251 3564 2567 3610 consecutus

212 3662 305 3717 est,
341 3656 402 3703 in
430 3652 771 3703 emendandis
797 3653 1056 3705 bonorum
1081 3659 1317 3703 autorum
1345 3652 1498 3703 libris
1534 3652 1672 3717 apud
1698 3650 1956 3701 'rhomam
1983 3648 2328 3718 Anshelmum
2353 3646 2566 3697 chalco·

214 3742 481 3810 graphum
519 3742 796 3808 diligentia
845 3742 945 3792 fuit
990 3741 1258 3806 absoluta,
1308 3756 1474 3807 usque
1525 3739 1655 3790 adeo
1694 3754 1876 3789 amans
1925 3738 2002 3788 rei
2051 3736 2280 3803 publicae
2317 3735 2566 3785 litei-arim

216 3831 423 3883 curavit
465 3830 719 3897 optimum
746 3846 1001 3897 quemque
1039 3830 1233 3880 librum
1270 3830 1325 3879 in
1351 3845 1536 3879 manus
1573 3828 1844 3879 hominum
1871 3828 2038 3877 omitti
2077 3840 2232 3890 quam
2269 3824 2569 3889 castigatis-

218 3921 425 3970 simum.
502 3920 699 3969 Extant
732 3920 845 3968 eius
884 3918 1121 3985 epistola
1163 3916 1522 3987 προλεγομέναι
1569 3918 1624 3966 in
1664 3916 1919 3983 quosdam
1957 3916 2166 3965 autores
2217 3921 2271 3961 et
2316 3910 2569 3961 versiculi

222 4007 409 4058 eruditi
448 4005 659 4071 quidem
697 4014 748 4057 et
776 4006 941 4073 probi.
1015 4006 1241 4056 Mortem
1278 4007 1377 4055 viri
1403 4006 1555 4071 quasi
1580 4020 1856 4057 comunem
1894 4002 2188 4053 studiorum
2213 3999 2568 4053 calamitatem

216 4097 468 4161 juventus
498 4094 727 4148 Suevica
772 4095 920 4145 flevit
970 4096 1215 4145 carmine.
1294 4093 1570 4145 Distichon
1609 4107 1841 4159 graecum
1891 4108 1954 4143 ea
1993 4090 2056 4143 de
2093 4107 2176 4155 re,
2219 4086 2428 4155 quando
2466 4086 2569 4137 hoc

225 4184 274 4232 in
314 4189 559 4251 promptu
600 4190 697 4248 est,
732 4182 1032 4247 subiiciam.
1076 4179 1362 4251 Ἰλβραντος
1398 4178 1642 4251 εὐδαίμων
1679 4182 1766 4231 τοῦ
1801 4176 1896 4250 γὰρ
1935 4177 2036 4248 βίος
2057 4174 2196 4248 ἴχνια
2233 4174 2372 4242 Θείης
2412 4172 2566 4227 ’Ἐπ’

230 4266 417 4338 ἀρετῆς,
457 4266 662 4329 θᾶνατος
699 4270 931 4340 μνήματα
968 4270 1011 4321 δ’
1048 4267 1149 4322 ἐστὶ
1181 4267 1369 4329 κλέους.
1444 4268 1750 4321 Auctarium
1779 4266 2230 4333 Chronographiae
2267 4265 2326 4316 F.
2363 4264 2572 4317 Nicolai

229 4357 427 4409 Baselii
462 4358 711 4409 Monachi
750 4358 1145 4426 Hirsaugiensis
1182 4358 1251 4426 ab
1289 4373 1426 4408 anno
1466 4357 1654 4407 salutis
1693 4357 1825 4407 MDI
1863 4357 1918 4405 in
1957 4369 2146 4403 annum
2187 4354 2450 4405 MDX1111
2484 4352 2571 4403 de·

233 4445 442 4497 ductum
468 4446 521 4496 in
545 4446 773 4497 Joannis
792 4447 1037 4502 Naucleri
1062 4447 1357 4502 chronicon
1388 4445 1469 4503 cd,
1491 4442 1749 4520 Tubingae
1777 4446 1928 4500 1516.
1958 4442 2046 4498 fol.
2077 4444 2230 4497 3161).
2379 4447 2407 4493 2
2455 4441 2573 4509 vgl.

234 4533 489 4588 Reuchlin
526 4551 569 4587 s.
610 4536 710 4588 266
750 4536 825 4607 fg.
1608 4528 1614 4531 ”
