2950 5042
1503 396 1633 462 164

299 673 307 681 υ
387 584 575 672 longe
635 586 1001 672 propuleris
1038 588 1077 651 1.
1186 585 1523 676 Scriptum·
1572 605 1802 669 nempe
1865 590 1997 652 est:
2061 585 2158 653 vir
2215 587 2473 671 sapiens
2535 587 2728 655 fortis

388 700 489 760 est
522 693 567 758 ².
657 695 743 758 Et
808 692 1077 758 iterum:
1153 712 1431 771 „corona
1497 690 1831 773 dignitatis
1905 697 2208 758 senectus
2252 712 2448 777 quam
2494 692 2564 759 in
2609 694 2731 759 viis

376 798 658 881 justiciae
718 798 1118 880 reperietur“
1173 795 1219 862 ³.
1308 797 1495 861 Hanc
1555 795 1710 881 quia
1756 796 1877 861 tibi
1936 802 2266 880 optamus,
2322 798 2560 865 iccirco
2607 799 2731 866 hoc

387 902 749 969 scribimus.
847 903 1052 967 Tuum
1100 902 1323 986 itaque
1375 902 1520 981 erit,
1567 902 1624 967 si
1670 906 1736 967 te
1783 907 1850 966 et
1881 900 2126 967 Christi
2170 903 2480 985 parvulos
2525 926 2730 986 amas,

386 1028 599 1091 agere,
645 1014 721 1073 ut
761 1006 1201 1091 intelligamus
1242 1006 1339 1072 sic
1385 1006 1634 1087 fecisse,
1682 1006 1858 1091 quod
1905 1007 2102 1071 etiam
2149 1013 2217 1072 et
2245 1028 2414 1073 nunc
2444 1010 2730 1092 petimus

386 1134 506 1196 per
568 1112 797 1178 horum
859 1112 1165 1194 latorem,
1230 1132 1349 1196 per
1403 1118 1520 1179 tua
1565 1111 1842 1196 scripta,
1903 1131 1986 1177 an
2041 1109 2335 1178 facturus
2386 1114 2480 1179 sis
2533 1136 2728 1197 posse

385 1218 707 1300 praescire.
806 1218 963 1284 Vale
1024 1238 1104 1283 ex
1166 1217 1459 1293 Colonia,
1521 1216 1852 1283 facultatis
1914 1216 2256 1301 theologiae
2313 1218 2433 1286 sub
2496 1219 2727 1304 sigilla

387 1324 507 1389 Die
556 1322 789 1389 ultima
834 1322 1072 1389 mensis
1118 1321 1476 1389 Februarii.
1570 1322 1755 1387 Anno
1803 1322 2060 1387 Domini
2089 1320 2118 1361 4
2170 1328 2359 1389 1512.

558 1448 882 1511 Gedruckt:
925 1452 953 1508 1
980 1449 1136 1508 =J.
1164 1467 1218 1510 v.
1253 1465 1303 1509 e.
1332 1451 1422 1508 rii
1439 1450 1528 1509 bis
1547 1449 1692 1508 riiia
1725 1452 1761 1507 2
1783 1448 2112 1507 :Bulaeus
2131 1448 2171 1509 1.
2205 1449 2246 1509 1.
2277 1454 2414 1509 tom.
2435 1450 2518 1510 VI
2543 1466 2600 1524 p.
2623 1452 2722 1509 57.

387 1556 471 1613 58
509 1558 545 1615 3
582 1574 665 1613 =
696 1554 890 1630 Majus
920 1555 959 1614 1.
993 1556 1031 1615 1.
1065 1568 1123 1629 p.
1158 1556 1283 1615 336
1316 1554 1406 1615 bis
1439 1556 1587 1615 338.

524 1829 799 1897 stuttgart.
1412 1738 1695 1807 CXLIII·
2212 1832 2267 1877 11
2311 1828 2458 1879 Mara
2505 1832 2654 1883 1512.

376 1933 429 2007 J
432 1961 708 2009 oannes
754 1934 1122 2009 Reuchlin
1149 1934 1590 2009 Phorcensis
1627 1933 1777 2007 LL.
1829 1931 2085 2008 doctor
2139 1932 2237 2008 ad
2291 1932 2721 2011 facultatem

796 2057 1292 2156 theologicam
1347 2055 1863 2131 Coloniensem
1917 2082 1972 2130 s.
2033 2055 2103 2131 d.
2161 2084 2236 2156 p.
2267 2062 2294 2109 ⁵

556 2220 912 2305 Sperabam
956 2245 1083 2290 non
1113 2203 1644 2318 intemperanter,
1693 2222 2217 2301 excellentissimi
2252 2222 2576 2305 doctores,
2625 2228 2721 2289 tot

377 2332 445 2392 et
500 2332 637 2393 tam
697 2327 1047 2396 humilibus
1107 2329 1270 2395 meis
1332 2328 1916 2413 supplicationibus
1961 2350 2170 2413 nuper
2215 2328 2509 2413 epistolae
2556 2350 2715 2394 meae

374 2432 459 2498 ad
531 2454 643 2499 vos
713 2433 986 2518 perlatae
1044 2433 1344 2516 insertis,
1416 2456 1455 2500 a
1519 2439 1776 2515 vestra,
1834 2456 1961 2499 non
2017 2434 2423 2500 humanitate
2485 2434 2716 2516 solum,

376 2559 517 2625 quae
566 2538 685 2606 abs
747 2539 1039 2625 quolibet
1084 2540 1339 2606 homine
1396 2539 1640 2605 homini
1697 2538 1971 2608 debetur
2033 2541 2423 2627 cuicunque,
2491 2561 2717 2607 verum

373 2644 570 2710 etiam
638 2644 932 2714 fraterna
1004 2644 1325 2712 charitate
1402 2666 1597 2730 quam
1675 2645 1985 2730 majestas
2068 2645 2439 2731 evangelica
2526 2646 2717 2712 nobis

374 2749 761 2817 Christianis
828 2750 1025 2817 edicti
1088 2750 1233 2816 loco
1304 2750 1680 2835 proposuit,
1756 2750 2021 2817 tandem
2098 2750 2450 2836 aliquando
2513 2751 2713 2835 impe·

370 2861 548 2923 trare
592 2856 904 2940 potuisse,
965 2861 1039 2923 ut
1100 2876 1217 2939 ego
1276 2855 1387 2922 ille
1452 2855 1566 2941 qui
1624 2855 2064 2949 declaratione
2123 2877 2270 2922 mea
2316 2855 2714 2923 doctissimis

370 2961 525 3027 viris
573 2961 1020 3041 satisfecerim,
1066 2962 1319 3027 caeteris
1364 2961 1649 3047 plurium
1695 2962 1890 3028 etiam
1935 2962 2431 3029 universitatum
2477 2962 2712 3028 saltem

369 3066 547 3133 vobis
609 3088 868 3152 quoque
932 3066 1247 3133 satiandis
1298 3067 1436 3152 ⁸iam
1485 3074 1553 3133 et
1596 3067 1872 3134 necdum
1919 3067 2021 3151 (ut
2067 3066 2379 3154 scribitis)
2429 3069 2710 3148 satiatis,

367 3191 498 3255 qua
569 3172 758 3253 serie,
828 3194 955 3258 quo
1026 3172 1247 3254 modo,
1319 3194 1450 3257 qua
1511 3172 1722 3239 forma
1791 3172 2204 3241 scribendum
2271 3174 2358 3238 sit
2420 3194 2548 3257 per
2595 3194 2706 3240 vos

370 3274 590 3342 fierem
640 3279 897 3344 certior.
990 3278 1059 3345 Si
1106 3280 1275 3344 enim
1323 3284 1497 3345 esset
1543 3279 1810 3363 spiritus
1860 3277 2146 3344 Danielis
2193 3277 2433 3363 duplex
2481 3280 2552 3344 in
2585 3302 2708 3359 me,

376 3403 505 3448 non
551 3404 667 3467 ego
699 3383 965 3450 cuilibet
996 3404 1116 3450 sua
1147 3384 1397 3451 somnia
1430 3389 1498 3450 et
1530 3384 1966 3468 expositiones
1997 3404 2278 3449 narrem.
2371 3384 2501 3449 Sed
2550 3386 2702 3470 quia

379 3487 615 3567 nescio,
663 3511 791 3573 quo
838 3490 1011 3556 malo
1056 3512 1202 3556 meo
1246 3491 1383 3556 fato
1429 3489 1497 3555 id
1545 3489 1720 3575 quod
1766 3512 1807 3555 a
1853 3489 2035 3555 vobis
2081 3489 2259 3555 haud
2315 3489 2535 3575 inique
2597 3512 2706 3575 pe-

366 3593 589 3660 tebam
636 3601 1022 3667 consecutus
1068 3616 1197 3661 non
1244 3595 1365 3661 sim
1412 3596 1590 3677 (nam
1636 3595 2033 3663 commeritis
2078 3596 2239 3661 meis
2270 3592 2428 3660 nihil
2458 3596 2704 3663 sinistri

366 3700 821 3768 ascribendum
868 3722 1119 3782 cense0,
1166 3702 1278 3786 qui
1324 3722 1536 3786 neque
1582 3699 1664 3767 de
1711 3701 1893 3768 vobis
1940 3702 2313 3787 generatim,
2360 3720 2577 3787 neque
2623 3702 2701 3767 de

369 3813 657 3873 vestrum
705 3806 1001 3893 quolibet
1044 3806 1419 3891 singillatim
1454 3806 1480 3844 ⁶
1529 3806 1686 3873 data
1718 3828 1918 3891 opera
1952 3813 2019 3874 et
2049 3829 2127 3871 ex
2157 3807 2494 3892 proposito
2528 3808 2700 3874 male

368 3913 638 3979 meritus
701 3912 869 3997 sum)
932 3912 1051 3979 sed
1114 3911 1389 3979 adverso
1435 3912 1700 3998 inquam
1750 3934 2055 3980 successu
2099 3935 2244 3979 meo
2291 3914 2584 3998 contigit,
2629 3919 2700 3979 ut

368 4037 579 4102 neque
626 4016 1089 4099 characterem,
1135 4038 1343 4103 neque
1392 4024 1616 4103 typum
1651 4019 1975 4085 tractandi
2015 4018 2100 4084 ab
2145 4018 2377 4105 insigni
2430 4019 2696 4104 collegio

357 4128 572 4190 vestro
633 4123 939 4208 precibus
992 4124 1016 4162 ⁷
1082 4122 1503 4205 obtinuerim,
1569 4125 1868 4209 experiar
1924 4124 2338 4191 nihilominus
2381 4124 2407 4163 ⁸
2467 4125 2694 4191 virium

1512 4256 1548 4295 *

504 4344 526 4390 1
576 4342 867 4409 Perpuleris
906 4348 955 4398 2.
1100 4349 1129 4394 2
1168 4342 1263 4395 Vir
1300 4346 1534 4415 sapiens]
1561 4346 1786 4413 spriiche
1825 4352 1907 4412 24,
1949 4351 1999 4399 5.
2145 4351 2176 4399 3
2214 4347 2440 4417 Corona]
2467 4347 2689 4416 spriiche

362 4426 451 4488 16,
493 4431 576 4479 31.
722 4437 755 4481 4
802 4433 1017 4483 Domini
1068 4434 1409 4499 ausgelassen
1467 4439 1515 4485 2.
1663 4438 1694 4486 5
1733 4434 1884 4486 Ohne
1936 4436 2215 4487 aussehrist
2269 4442 2316 4488 2.
2465 4439 2496 4487 6
2537 4436 2686 4503 sigil-

358 4512 504 4565 latim
546 4518 592 4567 2.
738 4520 765 4568 7
809 4520 1063 4573 Precibus
1101 4520 1443 4591 suegelassen
1485 4527 1532 4573 2.
1679 4526 1710 4574 8
1749 4524 2047 4577 Nilominus
2085 4528 2136 4577 2.
