2950 5042
1506 404 1638 472 306

394 593 617 680 uiithig
662 591 793 660 und
832 617 906 662 er
956 595 1143 664 freue
1174 592 1337 676 sich,
1385 593 1576 663 einen
1611 594 1894 666 Achilles
1941 592 2194 678 erlangt
2223 613 2302 660 zu
2331 592 2567 660 haben.
2629 592 2744 660 Die

400 695 647 767 Kiilner
686 701 863 767 seien
898 699 1109 767 feinde
1144 699 1324 767 ihrer
1358 700 1848 784 gemeinsamen·
1873 698 2294 784 juristischen
2343 698 2626 779 studien,
2654 698 2742 764 sie

403 805 632 874 hiitten
679 805 803 872 den
838 807 1071 872 Petrus
1102 805 1467 886 Ravennae,
1501 805 1844 872 Sebastian
1895 805 2120 882 Erant,
2169 804 2538 888 Peutinger‚
2571 802 2746 868 Pirk-

403 911 669 992 heimer‚
718 912 985 990 Hutten‚
1033 909 1156 976 den
1204 909 1427 995 grasen
1476 933 1598 976 von
1631 909 1940 978 Nuenaar
1987 909 2383 995 angegriffen
2431 908 2572 974 und
2617 931 2737 974 nun

405 1017 499 1082 sei
547 1038 621 1086 er
678 1017 779 1084 als
842 1015 1029 1102 opfer
1091 1015 1508 1084 ausersehen.
1601 1015 1777 1084 Aber
1837 1017 1955 1083 der
2017 1016 2310 1084 cardinal
2365 1019 2557 1100 miige
2613 1015 2743 1081 sich

404 1121 537 1187 ihm
568 1121 666 1190 als
698 1122 950 1190 wahrer
982 1121 1265 1188 Achilles
1296 1123 1622 1189 erweisen.
1662 1121 2072 1206 Stutgardiae.
2105 1120 2231 1188 kal.
2259 1121 2420 1188 Nov,
2461 1141 2524 1186 a.
2562 1125 2739 1186 1518.

586 1231 1045 1294 Handsclir.:=
1062 1231 1445 1308 Berlrmscr„
1476 1229 1576 1292 fol.
1599 1234 1683 1292 30
1699 1231 1813 1308 fg.;
1847 1231 2156 1306 gedruckt:
2189 1235 2218 1290 1
2247 1229 2744 1302 =Friedlandcr,

408 1339 667 1413 beitrage
740 1355 787 1398 s,
851 1340 933 1400 73
1001 1337 1087 1398 bis
1146 1340 1251 1413 76,
1332 1340 1369 1398 2
1403 1355 1488 1398 ==
1521 1337 1808 1414 Bocking,
1857 1337 2099 1400 Huttcni
2151 1353 2336 1412 opera
2393 1337 2454 1412 1,
2525 1353 2574 1396 s.
2626 1337 2743 1397 456

411 1444 501 1503 bis
548 1443 696 1506 458.

1429 1627 1731 1696 CCLXX.

553 1713 929 1768 Ottenbeuren.
2276 1719 2307 1766 5
2352 1719 2486 1768 Νον.
2533 1718 2678 1768 1518.

413 1805 669 1879 Frater
679 1805 1037 1880 Nicolaus
1066 1803 1444 1904 Ellenbog
1471 1805 1526 1880 J
1527 1805 1754 1879 oanni
1777 1804 2142 1882 Reuchlin
2176 1805 2576 1908 phorcensi
2603 1832 2656 1880 s.
2677 1804 2738 1878 d.

591 1929 963 2016 Praeceptor
1008 1926 1428 2008 observande,
1479 1927 1722 1996 dudum
1771 1949 1926 1996 sane
1973 1935 2043 1994 et
2087 1927 2351 2013 quidem
2399 1928 2636 1995 crebro
2675 1948 2742 1992 ac

416 2033 656 2119 saepius
687 2032 772 2099 'ad
818 2040 884 2099 te
918 2033 1074 2099 dare
1104 2031 1328 2099 literas
1360 2034 1568 2116 volui;
1614 2035 1718 2100 vix
1751 2041 1966 2102 tamen
2013 2032 2282 2100 dixerim
2315 2054 2517 2119 quam
2565 2033 2746 2118 negli-

423 2139 640 2222 gentia
685 2137 999 2206 hactenus
1046 2137 1437 2206 obmiscrim.
1486 2140 1724 2225 Accipe
1772 2141 1993 2225 itaque
2037 2139 2136 2206 vel
2206 2161 2353 2206 sero
2401 2161 2442 2204 a
2491 2137 2750 2204 Nicolao

330 2298 335 2303 .
413 2252 548 2326 tuo,
594 2251 707 2310 tuo
754 2245 1045 2330 inquam,
1086 2245 1243 2329 quia
1302 2245 1581 2312 maxime
1638 2245 1758 2312 tibi
1815 2245 2069 2327 affecto,
2130 2245 2356 2312 literas
2404 2251 2748 2330 utcumque

415 2369 625 2416 meam
656 2351 721 2416 in
770 2357 835 2416 te
868 2350 1348 2418 observantiam
1398 2352 1826 2418 insinuantes.
1887 2351 2103 2418 Primo
2134 2352 2420 2417 omnium
2453 2351 2650 2435 cupio
2695 2357 2752 2414 et

412 2454 671 2542 quidem
720 2455 1135 2523 vehementer
1182 2462 1247 2523 te
1316 2453 1480 2523 bene
1543 2455 1757 2524 valere
1820 2463 1889 2524 et
1933 2477 2206 2542 corpore
2254 2464 2322 2524 et
2365 2457 2606 2538 animm
2653 2456 2752 2522 de-

413 2561 561 2629 hinc
592 2561 835 2628 certior
880 2583 1000 2647 per
1045 2569 1111 2632 te
1156 2561 1301 2630 fieri
1360 2563 1439 2628 ‹le
1489 2563 1815 2628 sententia
1859 2563 2096 2630 Romae'
2127 2561 2397 2630 obtenta
2439 2561 2752 2629 adversus

411 2673 560 2734 tuos
604 2667 887 2736 aemulos.
979 2668 1121 2734 Etsi
1166 2668 1334 2734 enim
1380 2667 1573 2751 plura
1617 2668 1982 2752 acceperim
2027 2667 2109 2736 de
2165 2689 2246 2735 ea
2291 2690 2382 2749 re,
2428 2676 2617 2736 certe
2661 2676 2752 2736 ta-

410 2795 558 2840 men
604 2773 831 2839 audire
874 2773 1057 2859 potui
1102 2773 1279 2854 nihil,
1328 2794 1534 2857 usque
1581 2771 1748 2838 adeo
1792 2774 1858 2838 in
1915 2773 2268 2841 solitudine
2297 2773 2420 2840 hic
2465 2795 2612 2859 ago.
2661 2775 2752 2840 Tu

410 2878 601 2946 velim
647 2878 773 2946 tibi
816 2880 1065 2964 optima
1108 2885 1484 2964 precantem
1515 2877 1851 2944 victoriam
1883 2885 2063 2946 tuam
2111 2879 2422 2948 adversus
2453 2879 2751 2946 inimicos

409 3006 491 3052 ne
539 2984 729 3052 celes.
808 2985 1129 3051 Caeterum
1173 2985 1241 3051 id
1287 2985 1374 3050 mi
1406 2982 1744 3069 significes,
1793 2983 1988 3051 etiam
2021 2991 2218 3071 atque
2268 2985 2465 3053 etiam
2497 3007 2751 3072 precor,

411 3090 571 3178 quid
614 3091 1083 3175 interpretetur
1128 3081 1248 3174 Ἱξῑρ
1296 3090 1697 3157 canticorum
1741 3091 1983 3176 primo:
2047 3092 2315 3162 Vineam
2363 3113 2579 3160 meam
2625 3114 2750 3160 non

411 3195 734 3263 custodivi
755 3197 797 3260 ¹.
844 3195 919 3262 Id
953 3197 1121 3262 enim
1154 3203 1255 3264 est
1284 3195 1409 3262 tibi
1437 3195 1616 3262 factu
1647 3195 2041 3280 facillimum,
2088 3200 2194 3264 vix
2223 3205 2443 3265 tamen
2475 3198 2749 3265 dixerim

411 3323 606 3390 quam
652 3302 942 3371 futurum
1004 3305 1090 3370 sit
1145 3302 1302 3370 mihi
1348 3309 1626 3387 gratum.
1717 3305 1916 3370 Artor
1975 3325 2131 3371 sane
2199 3325 2318 3390 ego
2361 3305 2429 3369 in
2475 3303 2602 3372 hac
2647 3325 2752 3370 vo-

411 3407 559 3474 cula
604 3429 730 3475 non
777 3430 1029 3495 parum,
1076 3408 1192 3476 sed
1239 3408 1307 3474 id
1355 3408 1549 3475 efficit
1593 3429 1749 3475 rara
1795 3410 1857 3475 in
1905 3409 2229 3481 hebraicis
2276 3410 2484 3477 literis
2531 3409 2745 3477 lectio.

408 3513 577 3582 Sunt
606 3517 777 3582 enim
822 3521 1021 3582 tantae
1057 3516 1083 3555 ²
1127 3537 1287 3582 meae
1332 3515 1397 3580 in
1424 3515 1622 3584 rebus
1667 3515 1934 3600 agendis
1963 3517 2442 3603 occupationes,
2473 3523 2554 3583 ut
2598 3537 2750 3584 raro

1564 3644 1599 3682 *

407 3734 529 3802 gob·
568 3735 623 3789 in
662 3734 933 3804 Bologna,
983 3752 1083 3786 von
1123 3741 1277 3804 papst
1311 3733 1496 3787 Julius
1531 3735 1583 3785 11
1622 3735 1702 3788 als
1740 3736 2022 3802 gesaudtcr
2057 3735 2194 3788 nach
2232 3735 2326 3790 der
2363 3737 2607 3790 Schweiz
2644 3737 2746 3791 und

409 3824 571 3876 Polen
628 3825 936 3891 geschicht,
988 3825 1185 3898 fordert
1238 3825 1524 3892 crzherzog
1567 3825 1871 3892 Sigismund
1921 3825 2026 3876 und
2067 3826 2232 3893 konig
2283 3825 2596 3878 Wladislaw
2647 3845 2742 3878 von

408 3912 623 3980 Uagam
674 3930 791 3965 zum
842 3913 1027 3980 kriege
1074 3927 1247 3982 gagen
1286 3913 1448 3964 Polen
1490 3915 1605 3977 auf,
1655 3914 1725 3965 ist
1779 3914 1861 3965 bei
1910 3915 1963 3964 k.
2001 3915 2228 3981 Ludwig
2279 3931 2380 3966 von
2425 3917 2743 3968 Frankreich

402 4003 511 4055 und
549 4001 881 4054 Maximilian
908 4001 1005 4053 als
1038 4001 1319 4069 gesandter
1355 4002 1543 4069 thatig,
1581 4002 1710 4054 vird
1759 4005 1918 4066 1511,
1971 4007 2036 4054 24
2075 4005 2184 4055 Mai
2236 4019 2301 4056 nn
2347 4006 2504 4057 stelle
2539 4007 2635 4058 des
2667 4021 2742 4056 er·

404 4090 668 4143 mordeten
722 4091 995 4143 Alidosius
1046 4107 1161 4142 zum
1227 4089 1443 4143 bischof
1491 4105 1594 4142 von
1643 4083 1884 4158 Bologna
1930 4098 2180 4156 ernannt,
2231 4093 2432 4145 welche
2486 4093 2643 4146 stelle
2689 4109 2744 4144 er

402 4181 567 4244 auch,
616 4180 755 4231 nach
810 4181 1023 4248 einigen
1071 4179 1552 4247 schwierigkeiten‚
1596 4181 1748 4243 1512,
1785 4184 1852 4232 ⁴25
1889 4179 2005 4232 Juli
2042 4179 2288 4233 wirklich
2321 4184 2522 4234 antritt.
2596 4181 2740 4235 Auel:

400 4275 553 4320 anter
590 4268 697 4319 Leo
724 4270 773 4318 X
807 4267 1006 4336 geehrt,
1042 4269 1201 4320 stirbt
1236 4284 1292 4319 er
1315 4269 1494 4336 gleich
1531 4269 1668 4320 nach
1693 4268 1814 4320 dem
1835 4271 2331 4338 regicrnngsantritt
2356 4270 2605 4324 Clemens
2629 4269 2740 4332 Vn,

404 4361 471 4412 22
512 4358 642 4408 Nov.
688 4360 840 4408 1523.
917 4357 1158 4409 ciaconii
1194 4358 1317 4408 vim
1351 4355 1679 4425 pontificum,
1715 4357 1808 4423 111,
1843 4358 1948 4410 col.
1988 4361 2092 4412 296
2129 4375 2208 4426 sq.

548 4449 573 4496 1
615 4444 865 4498 Dicselbe
886 4447 1037 4513 fruge
1072 4443 1239 4498 achon
1283 4450 1343 4496 12
1372 4448 1584 4513 August
1613 4447 1766 4512 1517,
1803 4448 1940 4501 oben
1965 4463 2078 4501 nro.
2105 4447 2377 4501 ccxnm.
2491 4453 2522 4500 2
2561 4445 2736 4500 Multo

408 4531 821 4606 nungenti-ichen,
858 4541 1015 4586 tanta
1048 4533 1547 4602 iibergesclnrieben.
