2950 5042
1585 370 1669 442 80

502 622 509 648 3
647 571 676 631 1
722 566 1901 644 =C.v.e.d8b;2=J.v.e.kib
1947 587 2060 645 sq.;
2110 571 2144 631 3
2192 568 2377 632 ΞΟ.
2421 585 2473 632 v.
2516 565 2764 632 ansol.

468 681 602 740 59⁰·
625 674 690 751 ὓς
743 682 780 736 4
813 697 896 732 =
929 679 1151 740 Sclmck
1183 685 1258 758 (s.
1294 695 1418 738 nr0.
1454 674 1788 752 LXXXIII)
1825 693 1870 737 S.
1913 680 2034 736 120
2066 675 2145 752 fg.

1455 886 1798 954 LXXXVI.

613 993 970 1048 neukendorf.
2348 997 2370 1041 1
2412 991 2533 1043 Jan.
2578 993 2713 1042 1503.

470 1125 522 1199 J
527 1122 841 1197 ohannis
906 1123 1272 1196 Reuchlin
1335 1125 1359 1172 1
1413 1121 1871 1196 Phorcensis.
1984 1121 2134 1193 LL.
2210 1121 2528 1194 doctoris
2580 1119 2774 1194 Liber

469 1246 1000 1346 Congestorum
1039 1247 1147 1319 De
1184 1258 1336 1319 arte
1371 1245 1832 1346 praedicandi
1870 1245 1965 1317 ad
2003 1244 2487 1317 reverendum
2522 1257 2775 1344 patrem

473 1369 858 1444 dominum
911 1369 1210 1442 Petrum
1275 1369 1757 1469 praepositum
1819 1368 1898 1440 in
1955 1367 2488 1440 Denckendorf
2532 1367 2776 1440 ordinis

477 1492 712 1567 sancti
763 1489 1134 1566 Dominici
1189 1491 1563 1592 sepulchri
1613 1518 1743 1592 per
1792 1490 2271 1565 Germania-m
2325 1490 2677 1564 vicarium
2724 1499 2779 1560 et

887 1666 892 1670 -
997 1615 1447 1690 visitatorem
1486 1615 1903 1714 generalem
1940 1614 2203 1715 incipit
2240 1613 2289 1687 2.

656 1780 817 1845 Cum
877 1787 992 1846 aut
1051 1788 1276 1870 nostra
1323 1801 1476 1864 erga
1539 1802 1809 1864 superos
1869 1779 2239 1862 impietate,
2294 1784 2409 1844 aut
2466 1777 2781 1844 caele-stium

481 1883 672 1951 solito
719 1885 987 1966 influxu,
1037 1887 1220 1952 (leive
1269 1886 1490 1952 omnia
1536 1885 1957 1969 gubernantis
2002 1883 2408 1967 providentia
2440 1884 2675 1949 sactum
2704 1882 2784 1960 sit,

481 1997 558 2054 ut
601 1991 776 2073 apud
822 1999 1150 2058 nostrates
1199 1992 1440 2076 ubique
1481 1992 1619 2076 jam
1667 1995 2004 2074 grassante
2059 1996 2243 2054 tanta
2288 1989 2660 2072 pestilitatis
2698 1987 2783 2050 lue

481 2097 586 2160 vix
631 2102 773 2161 tuto
833 2097 895 2159 in
955 2097 1111 2180 ipsis
1175 2097 1362 2182 quasi
1422 2104 1757 2180 petrarum
1814 2095 2104 2160 cavernis
2152 2095 2417 2160 consisti
2467 2102 2689 2180 queat3
2729 2097 2784 2155 tu

481 2223 612 2281 me,
667 2202 812 2286 pius
868 2208 1055 2286 pater
1105 2201 1148 2282 ³,
1199 2223 1317 2286 pro
1376 2207 1491 2268 tua
1549 2201 1860 2285 singulari
1923 2200 2373 2265 benevolentia
2419 2207 2557 2266 tam
2604 2201 2663 2264 in
2705 2217 2783 2261 me

483 2329 676 2392 quam
711 2308 773 2372 in
806 2329 1002 2387 mem,
1052 2313 1119 2372 et
1165 2309 1194 2346 ⁴
1240 2307 1537 2374 omnibus
1583 2315 1741 2373 nota
1788 2314 1853 2371 et
1901 2307 2057 2370 mihi
2105 2307 2419 2372 hactenus
2458 2306 2485 2344 5
2530 2329 2571 2372 a
2600 2305 2785 2370 multis

483 2413 668 2481 annis
715 2418 1092 2498 perspecta,
1153 2414 1543 2496 cogitantem
1594 2434 1903 2498 quorsum
1950 2434 2096 2476 cum
2146 2433 2342 2476 uxore
2377 2413 2401 2449 ⁶
2451 2434 2531 2477 ac
2575 2409 2787 2476 familia

490 2517 679 2583 domo
741 2518 1146 2600 secederem,
1213 2517 1434 2585 dedita
1504 2540 1701 2603 opera
1748 2540 1865 2601 per
1912 2523 2057 2582 tuos
2104 2517 2458 2582 familiares
2507 2517 2589 2583 ad
2634 2524 2693 2581 te
2740 2515 2789 2576 in

489 2625 698 2710 ipsum
747 2629 927 2690 tuum
979 2625 1443 2692 monasterium
1492 2625 1756 2690 vocasti.
1850 2623 2003 2702 Quae
2051 2645 2157 2690 res
2204 2623 2399 2708 digna
2428 2625 2593 2690 mihi
2618 2619 2791 2689 viden'

1633 2771 1667 2809 ak

640 2883 662 2927 1
703 2878 928 2928 Joannffs
967 2877 1222 2930 Reuchlin
1264 2884 1310 2928 2.
1423 2882 1451 2928 2
1497 2876 1784 2928 Aufschrift
1820 2877 2019 2942 nusgel.
2049 2882 2097 2926 3.
2166 2879 2270 2926 Das
2311 2875 2591 2926 werkchen
2624 2869 2790 2924 Reueh-

492 2962 597 3016 lins
640 2965 716 3016 De
752 2975 861 3016 arte
902 2966 1217 3031 praedicandi
1270 2967 1338 3015 ist
1385 2967 1503 3016 eine
1539 2966 1841 3030 sammlung
1880 2983 1981 3016 von
2022 2965 2369 3016 vorschriftcn
2412 2967 2499 3014 fiir
2538 2963 2788 3029 predigten,

500 3051 752 3102 zuniicbst
791 3053 874 3103 fur
913 3053 996 3103 die
1041 3054 1260 3116 monche
1310 3054 1400 3104 des
1439 3055 1667 3104 kloster-s
1712 3054 2086 3104 Denckendorf
2120 3055 2402 3104 bestimmt.
2484 3055 2593 3104 Das
2632 3050 2787 3098 nabere

496 3139 684 3205 besagt
724 3139 816 3191 der
851 3141 993 3191 brief
1023 3141 1204 3193 selbst.
1265 3141 1437 3205 Majus
1477 3158 1518 3191 s,
1562 3145 1662 3190 24¹6
1704 3142 1843 3192 fiihrt
1883 3142 1960 3191 als
2002 3142 2096 3190 aus
2126 3141 2269 3192 diese
2307 3141 2499 3191 schrift
2550 3131 2789 3202 bezfiglich

495 3228 772 3293 folgendes
812 3245 905 3279 an:
954 3231 1272 3280 Mentionem
1310 3230 1420 3294 ejus
1461 3230 1589 3280 facit
1628 3230 1969 3280 honorificam
2013 3231 2247 3280 .10annes
2289 3230 2491 3280 Potken
2520 3226 2793 3296 praepositus

497 3318 551 3368 8.
603 3317 818 3384 Georgii
869 3318 1104 3370 Coloniae
1149 3326 1200 3369 et
1245 3318 1302 3368 F.
1349 3319 1585 3369 Joannes
1639 3318 1858 3379 Quonus
1900 3319 2051 3369 Prior
2088 3319 2342 3368 Curtusiae
2396 3334 2559 3385 prope
2598 3319 2645 3368 S.
2682 3311 2792 3362 Odo-

501 3422 697 3456 marum
739 3406 894 3456 vanis
935 3408 987 3458 S.
1029 3406 1351 3473 Aldegondis
1391 3407 1473 3458 his
1518 3407 1691 3457 verbis
1730 3407 1783 3456 in
1823 3405 2045 3472 epistola
2083 3405 2148 3456 ad
2192 3405 2513 3472 Capnionem
2557 3405 2695 3455 data:
2730 3413 2793 3448 su·

496 3510 706 3560 peresse
743 3504 1004 3563 putamus,
1044 3502 1098 3545 ut
1136 3495 1307 3562 posito
1344 3502 1503 3557 metu,
1543 3496 1678 3545 sicut
1718 3509 1897 3544 omnes
1936 3511 2049 3558 nos,
2090 3495 2253 3544 etiam
2292 3503 2411 3544 tuos
2435 3500 2704 3543 vexatores
2725 3501 2795 3553 per

497 3599 690 3636 novum
729 3593 874 3636 tuum
915 3583 1139 3635 docuisti
1179 3583 1503 3650 opuseulum,
1542 3583 2005 3648 quonammodo
2044 3599 2250 3634 sermo
2290 3583 2441 3632 sieri
2482 3580 2714 3632 debeat
2748 3571 2796 3621 ad

497 3672 825 3740 populum,
869 3673 944 3724 ita
969 3688 1173 3738 quoque
1201 3673 1565 3724 Germanicam
1598 3672 1871 3737 pueritiam
1900 3671 2091 3722 doceas
2119 3671 2355 3722 diversas
2382 3686 2513 3735 quas
2540 3667 2697 3720 calles
2721 3663 2796 3710 liu-

497 3776 630 3826 guas
665 3768 716 3811 et
753 3760 1040 3815 faciliorem
1067 3760 1306 3812 discendi
1346 3759 1573 3824 modum,
1612 3766 1668 3809 ut
1705 3775 1765 3809 eo
1806 3758 1977 3824 magis
2016 3759 2091 3810 tui
2132 3759 2311 3810 aemuli
2342 3758 2558 3822 jaceant
2595 3748 2796 3818 inglorii.

499 3849 672 3914 Majus
709 3848 826 3916 gibt
861 3850 1034 3900 dieses
1071 3848 1360 3900 brIefstiick
1401 3847 1538 3897 ohne
1578 3846 1769 3910 datum,
1808 3845 1943 3896 ohne
1987 3847 2195 3912 angnbe
2232 3847 2379 3896 eines
2418 3851 2573 3906 ortes,
2610 3857 2671 3890 an
2706 3839 2798 3888 dem

500 3943 660 3988 envas
698 3937 920 3988 naheren
969 3954 1034 3988 zu
1079 3937 1254 3988 finden
1307 3939 1388 3988 ist.
1469 3938 1566 3986 Eiu
1608 3935 1819 3986 solcher
1856 3936 2237 4001 gemeinsamer
2282 3935 2421 3986 brief
2454 3933 2679 3982 Potkeus
2714 3920 2799 3972 und

501 4023 715 4086 Quouus
755 4041 820 4076 an
859 4027 916 4074 R.
956 4027 1024 4076 ist
1061 4026 1208 4076 nieht
1247 4024 1498 4076 erhaltcn.
1566 4026 1662 4074 Die
1702 4023 1853 4074 stelle
1892 4024 2099 4074 scheint
2136 4023 2251 4074 sich
2292 4022 2581 4088 allerdings
2616 4019 2685 4084 (in
2720 4015 2799 4061 den

497 4121 736 4180 gesperrt
760 4113 1082 4179 gedruckteu
1113 4119 1330 4180 werten)
1351 4115 1448 4162 auf
1469 4128 1654 4162 unscre
1682 4111 1867 4160 schrift
1894 4127 1957 4160 zu
1977 4111 2245 4175 hemiolion,
2272 4112 2397 4164 aber
2424 4111 2491 4160 im
2512 4109 2663 4174 jahn-o
2690 4101 2799 4152 1503

502 4202 572 4252 ist
619 4203 698 4252 sie
747 4205 938 4268 gewiss
987 4201 1133 4257 nicht
1177 4202 1555 4268 gesehriebeu,
1609 4199 1816 4250 worauf
1860 4198 1996 4249 doeh
2046 4216 2240 4250 novum
2278 4216 2343 4250 zu
2379 4200 2568 4249 deuten
2608 4191 2799 4248 scheint,

503 4289 638 4340 deun
679 4285 881 4340 dam'als
919 4290 1114 4340 konnte
1139 4307 1257 4340 man
1298 4306 1398 4340 von
1427 4290 1603 4342 aemuli
1632 4287 1735 4338 und
1762 4294 2040 4339 vexatores
2068 4288 2352 4342 Reuehlins
2386 4285 2532 4336 nicht
2559 4276 2799 4349 sprechen·

507 4378 536 4428 3
581 4376 737 4428 Pater
783 4378 838 4430 in
877 4394 956 4428 me
1006 4365 1161 4444 quam
1211 4395 1302 4445 pro
1354 4382 1401 4430 3.
1551 4383 1581 4428 4
1632 4384 1736 4427 tam
1788 4376 1843 4432 in
1896 4391 2066 4440 meos,
2121 4385 2173 4428 et
2223 4380 2273 4428 3.
2420 4379 2449 4425 5
2488 4373 2729 4424 hactenns
2764 4365 2800 4409 2.

508 4466 538 4520 6
577 4462 761 4544 uxore]
801 4464 908 4534 vgl.
949 4466 1083 4518 oben
1124 4470 1188 4516 27
1231 4467 1360 4518 duni
1405 4468 1537 4518 1502
1576 4479 1688 4516 nro.
1728 4462 1994 4516 LXXXII.
