2950 5042
1595 402 1683 466 94

466 591 635 659 liber
694 599 795 660 est
858 598 925 659 et
982 589 1339 659 secundum
1394 588 1647 673 singula
1691 590 1833 676 ejus
1875 590 2034 658 folia
2077 612 2120 659 a
2165 594 2437 659 dextera
2481 593 2775 678 legendus

470 706 573 765 est
636 699 721 764 ad
786 699 1173 777 sinistram,
1216 693 1444 761 eodem
1513 694 1704 761 modo
1765 712 2212 783 quaecumque
2273 704 2428 765 sunt
2486 698 2776 765 hebraice

466 804 710 887 scripta
728 853 743 883 ,
806 823 993 869 suum
1041 822 1081 865 a
1141 798 1413 865 dextera
1465 799 1550 863 ad
1605 800 1934 867 sinistram
1993 808 2259 868 sumunt
2307 804 2668 869 tramitem:
2721 803 2780 868 in

460 906 621 991 ipsis
700 913 921 973 autem
983 906 1155 971 foliis
1215 921 1666 990 quaecumque
1734 906 1940 971 latina
2001 908 2376 974 scribuntur
2395 958 2411 989 ,
2473 928 2556 973 ea
2617 928 2781 972 more

462 1009 816 1077 latinorum
861 1032 903 1077 a
950 1012 1213 1078 sinistra
1256 1010 1563 1093 leguntur
1608 1010 1694 1075 ad
1739 1011 2092 1077 dexteram.
2183 1013 2362 1079 Haec
2414 1018 2491 1077 tu
2539 1011 2784 1078 notabis

466 1133 659 1201 quam
707 1117 1230 1202 diligentissime,
1298 1136 1415 1181 nos
1470 1115 1610 1200 jam
1657 1115 1740 1181 ad
1810 1115 2130 1183 elementa
2197 1118 2508 1203 ipsasque
2574 1118 2786 1183 literas

464 1222 811 1305 pergimus·

1186 1348 1457 1419 [Vox-fede
1495 1364 1610 1400 zum
1649 1350 1840 1401 dritten
1873 1350 2054 1418 buch-J

645 1466 810 1529 Acta
840 1482 1006 1548 quae
1040 1464 1191 1529 sunt
1221 1462 1553 1546 hucusque
1587 1462 1668 1526 de
1700 1461 1925 1543 literis,
1959 1462 2244 1546 syllabiS,
2293 1470 2360 1529 et
2407 1462 2790 1531 dictionibus

463 1569 807 1635 Hebraicis
853 1570 1128 1635 maxime
1174 1568 1536 1659 primitivis,
1581 1568 1803 1633 vidisti
1848 1567 2292 1635 >amantissime
2339 1570 2549 1635 frater
2589 1572 2613 1609 ¹
2661 1571 2787 1649 tibi,

460 1681 541 1739 ut
571 1696 779 1759 spero,
812 1675 1047 1753 dulcia,
1082 1674 1197 1739 sed
1229 1673 1371 1739 aliis
1404 1674 1679 1739 forsitan
1709 1673 1899 1739 melle
1933 1680 1999 1738 et
2027 1673 2198 1739 lacte
2231 1676 2493 1741 nutritis
2529 1681 2793 1761 propter

463 1781 779 1846 incultum
820 1780 1078 1845 dicendi
1124 1801 1323 1863 genus
1369 1799 1615 1859 amara,
1663 1779 1774 1864 qui
1819 1800 2036 1845 secum
2085 1781 2140 1846 si
2187 1782 2490 1863 cogitent,
2543 1802 2790 1847 omnem

468 1883 877 1952 auditoribus
947 1886 1305 1951 orationem
1375 1906 1517 1949 esse
1581 1884 2148 1965 commodandam,
2205 1907 2332 1951 non
2410 1886 2570 1952 mihi
2652 1888 2794 1952 vitio

469 1991 738 2071 dabunt,
785 1990 958 2076 quod
1004 1991 1219 2055 vernis
1265 1990 1607 2055 vernacule
1639 1988 1886 2074 loquor.
1978 1990 2143 2055 Nam
2190 1992 2302 2075 qui
2345 1990 2488 2057 fieri
2533 1975 2795 2076 potest?

472 2103 548 2162 ut
590 2118 709 2182 per
754 2097 1075 2162 insuetum
1121 2096 1427 2180 loquendi
1488 2116 1762 2177 morem,
1826 2102 1894 2162 et
1951 2095 2122 2161 domi
2181 2102 2518 2179 paratam,
2588 2098 2794 2181 adque

470 2201 770 2267 lucernas
818 2200 1221 2266 elaboratam
1260 2200 1627 2281 dictionem,
1672 2200 1866 2266 rudes
1906 2201 2095 2267 facile
2144 2202 2518 2281 doceantur,
2565 2202 2794 2287 quibus

472 2315 614 2373 tum
647 2313 822 2373 esset
853 2328 1015 2391 opus
1047 2306 1132 2371 ad
1163 2308 1585 2391 praeceptoris
1619 2306 2052 2390 eloquentiam
2086 2306 2231 2390 plus
2263 2307 2795 2386 animadvertere,

473 2414 656 2493 quasi
702 2412 789 2479 ad
836 2414 1119 2497 sphingis
1168 2413 1532 2496 aenigmata,
1580 2434 1775 2497 quam
1807 2412 1893 2476 ad
1925 2414 2062 2497 ejus
2109 2413 2224 2477 illa
2263 2414 2408 2497 ipsa
2453 2420 2795 2499 praecepta.

468 2519 686 2603 Longe
735 2518 976 2584 rectius
1022 2540 1124 2583 me
1164 2518 1385 2603 judice
1436 2518 1644 2584 sensit
1688 2517 2088 2599 Aristoteles,
2135 2519 2200 2584 in
2250 2518 2611 2603 disciplinis
2662 2521 2799 2585 doc-

466 2630 679 2692 torem
725 2630 1027 2709 oportere
1075 2646 1191 2708 per
1236 2624 1733 2690 usitatissimam
1782 2624 2095 2690 sermonis
2143 2624 2683 2691 consuetudinem
2738 2629 2798 2691 et

466 2730 654 2797 nobis
699 2731 957 2797 notiora
1004 2750 1273 2815 quaeque
1319 2730 1692 2813 procedere.
1783 2729 2024 2795 Dedita
2068 2729 2266 2815 igitur
2311 2752 2513 2814 opera
2558 2732 2792 2797 soloeco

469 2857 665 2921 saepe
713 2843 778 2902 et
823 2836 1106 2903 barbaro
1156 2858 1296 2902 sum
1344 2858 1502 2902 usus
1547 2835 1633 2901 ad
1680 2835 2107 2920 quorumdam
2153 2835 2616 2902 vocabulorum
2658 2857 2798 2921 pro-

468 2944 817 3027 prietatem
866 2942 1333 3027 explicandam.
1413 2942 1558 3007 Huc
1605 2940 1860 3006 accedit
1903 2946 2140 3022 tamen,
2189 2942 2363 3026 quod
2410 2948 2477 3007 et
2516 2948 2796 3021 senecta,

470 3054 539 3113 et
608 3047 1038 3114 barbarorum
1119 3047 1490 3132 quotidiana
1557 3046 2007 3128 conversatio,¹
2055 3069 2184 3112 non
2248 3046 2454 3113 solum
2515 3047 2797 3131 linguam

468 3150 759 3232 hebetat,
808 3153 925 3219 sed
985 3159 1051 3219 et
1096 3154 1297 3218 otium
1346 3153 1668 3231 obtundit,
1728 3174 1848 3237 pro
1893 3153 2068 3219 illius
2124 3152 2446 3237 Tyndarei
2491 3154 2797 3251 adversus

466 3254 872 3339 Menelaum,
936 3260 1090 3344 quin
1149 3260 1366 3343 potius
1412 3259 1738 3343 Euripidis
1795 3258 2024 3341 tragici
2087 3258 2444 3339 sententia,
2503 3259 2616 3344 qui
2677 3260 2797 3324 ait:

472 3368 941 3456 βεβαρβαροῦσαι
993 3366 1219 3455 χρόνιος
1272 3367 1355 3430 ὤν
1410 3369 1471 3429 έν
1521 3364 1832 3453 βαρβάροις
1879 3364 1921 3428 ².
2013 3362 2202 3429 Solus
2273 3384 2426 3447 ergo
2483 3386 2673 3448 quom
2735 3363 2798 3426 in

474 3472 595 3536 hoc
639 3472 944 3555 Diogenis
1006 3471 1176 3537 dolio
1233 3476 1409 3537 totos
1456 3470 1598 3536 dies
1645 3469 2058 3549 delitescam,
2126 3490 2246 3534 nec
2308 3490 2562 3535 mecum
2630 3469 2800 3533 vivat

471 3575 642 3643 ullus
686 3577 1031 3657 hominum,
1079 3578 1182 3642 cui
1226 3575 1572 3641 verborum
1618 3574 1944 3660 elegantia
1988 3580 2056 3639 et
2102 3575 2474 3659 eloquentia
2519 3574 2799 3641 studium

474 3683 562 3749 sit
605 3684 672 3747 in
702 3684 932 3768 pretio,
981 3683 1098 3748 sed
1128 3681 1424 3766 agricolae
1470 3686 1727 3746 tantum
1775 3685 1841 3745 et
1884 3678 2246 3761 sacrificuli,
2299 3687 2415 3745 aut
2443 3680 2498 3746 si
2546 3681 2672 3777 qui·
2697 3700 2800 3743 ac-

477 3790 731 3871 cedant,
778 3796 853 3855 ut
898 3787 971 3853 fit
1020 3788 1332 3873 quotidie,
1380 3788 1492 3871 qui
1551 3807 1653 3852 me
1699 3807 1826 3851 non
1873 3785 1953 3851 de
1999 3786 2426 3869 murilegulis,
2481 3808 2600 3853 nec
2642 3804 2799 3851 auro

1615 3920 1650 3960 ᾗ

899 3986 944 4035 Δ
983 3981 1163 4035 dextro
1200 3981 1437 4051 graditur
1472 3981 1606 4048 pede
1641 3981 1708 4031 ad
1751 3980 2022 4030 sinistrum

900 4071 1019 4123 Hoc
1054 4086 1235 4122 omnes
1270 4070 1425 4121 modo
1462 4074 1736 4121 transeunt
1772 4069 2066 4130 columnae,

900 4156 1142 4211 Judaeum
1180 4175 1385 4226 quoque
1422 4165 1698 4209 teutonum
1735 4162 1786 4207 et
1821 4155 1990 4207 latina

900 4251 1008 4301 Nec
1042 4256 1099 4299 tu
1132 4248 1449 4315 principium
1486 4254 1634 4313 petas
1670 4245 1860 4309 libelli,

900 4337 985 4387 Ad
1020 4336 1221 4387 calcem
1257 4351 1480 4402 propera
1514 4336 1744 4400 benigne
1783 4332 1968 4394 lector,

899 4421 967 4475 Et
1004 4438 1183 4475 verum
1216 4423 1455 4476 invenies
1494 4421 1708 4474 modum
1746 4419 1976 4485 legendi.

628 4510 960 4566 ramamiss.
1004 4516 1048 4562 1.
1195 4516 1223 4561 2
1264 4508 1672 4580 βιβαρβαροῦσαι]
1709 4508 1836 4561 Eur.
1875 4506 2046 4561 Orest.
2085 4506 2206 4559 405.
