2950 5042
1320 414 1447 481 141

220 599 454 681 doctor,
488 607 681 668 tanta
710 602 837 669 mei
868 624 1023 687 erga
1051 610 1233 671 tuam
1264 605 1706 689 dignationem
1737 604 1976 673 amoris
2008 603 2285 671 accessit
2314 604 2380 669 in
2411 602 2551 671 dies

219 707 682 787 accumulatio,
745 715 820 773 111
874 730 999 773 11011
1058 710 1251 775 1110ᾶο
1326 711 1411 777 ad
1476 710 2012 789 conservandam,
2071 732 2296 775 verum
2355 711 2552 773 etiam

216 812 571 895 augendam
624 815 897 881 nominis
957 816 1053 879 tui
1114 837 1195 881 ac
1258 816 1445 881 famae
1533 817 1822 895 laudem,
1898 822 2212 901 quantum
2278 808 2551 879 fabendo

218 918 611 983 consulendo
672 919 961 1003 juvando
1030 941 1293 1005 possum
1356 943 1550 987 nemo
1597 922 1710 1005 qui
1779 922 1866 985 sit
1923 942 2202 1005 usquam
2267 918 2554 1003 gentium

217 1044 409 1106 opera
458 1024 851 1106 cogitatione
898 1025 1115 1091 studio
1163 1048 1265 1091 me
1312 1026 1574 1105 vicerit,
1638 1026 2011 1110 ubicunque
2071 1024 2151 1091 de
2215 1023 2554 1110 praestanti

215 1136 321 1193 tua
366 1135 437 1193 et
482 1130 743 1211 egregia
787 1130 1103 1211 doctrina,
1150 1131 1231 1195 de
1277 1132 1520 1197 sanctis
1575 1132 1864 1197 moribus
1912 1131 2040 1197 tuis
2109 1138 2179 1196 et
2231 1130 2551 1213 gravitate

216 1234 371 1313 vitae,
421 1234 505 1299 de
556 1234 1015 1299 humanissima
1060 1256 1319 1319 quoque
1366 1236 1855 1301 conversatione
1910 1241 2029 1302 tua
2076 1256 2288 1301 sermo
2337 1234 2550 1301 fuerit.

217 1339 521 1405 Habuisti
570 1340 739 1404 enim
782 1362 909 1405 non
958 1341 1163 1405 solum
1212 1341 1634 1420 voluntatum,
1683 1342 2176 1421 sententiarum,
2223 1342 2553 1405 actionum

216 1452 475 1511 tuarum
522 1466 693 1529 saepe
740 1468 841 1511 me
889 1447 1155 1525 socium,
1202 1468 1423 1512 verum
1472 1448 1668 1511 etiam
1699 1446 2004 1511 comitem
2046 1453 2112 1511 et
2143 1468 2398 1529 semper
2431 1446 2553 1509 vir-

211 1557 419 1616 tutum
488 1557 749 1615 tuarum
810 1571 1188 1635 praeconem.
1282 1551 1552 1629 Qualem
1612 1558 1672 1617 te
1737 1551 2016 1617 vicissim
2085 1572 2240 1635 erga
2306 1572 2407 1615 me
2452 1548 2552 1615 tui

213 1657 752 1737 amantissimum,
800 1658 1145 1741 omniaque
1192 1678 1336 1721 mea
1382 1678 1500 1741 pro
1548 1664 1662 1723 tua
1691 1656 2020 1741 probitate
2055 1662 2121 1721 et
2151 1656 2551 1721 humanitate

214 1761 525 1845 singulari
580 1762 779 1827 fuisse
826 1783 950 1829 non
1000 1763 1199 1829 modo
1263 1762 1523 1847 speravi
1585 1784 1809 1827 verum
1873 1762 2070 1827 etiam
2116 1761 2310 1846 plane
2358 1760 2548 1827 sensi.

220 1866 407 1951 Cujus
458 1868 554 1932 rei
601 1875 669 1933 et
712 1869 997 1935 virorum
1044 1874 1111 1935 et
1154 1869 1469 1952 virginum
1517 1867 1760 1933 ordinis
1807 1868 1905 1933 tui
1952 1865 2346 1933 monasteria
2393 1871 2546 1933 sunt

212 1978 429 2037 testes.
525 1972 685 2039 Cum
744 1975 943 2057 igitur
1000 1974 1365 2039 hortatione
1428 1994 1556 2039 non
1615 1994 1838 2057 egeas,
1891 1970 1975 2040 'ut
2037 1974 2102 2037 in
2149 1994 2250 2037 me
2299 1971 2542 2039 tuendo

214 2078 721 2163 adornandoque
743 2081 1015 2162 gratiam
1060 2078 1254 2146 fidem
1285 2079 1704 2163 laboremque
1753 2078 2084 2158 adhibeaS‚
2132 2084 2342 2143 restat
2372 2098 2542 2143 nunc

214 2182 277 2247 id
320 2184 552 2263 solum,
602 2192 674 2249 ut
720 2206 847 2268 qua
892 2186 957 2249 in
990 2208 1061 2251 re
1095 2192 1211 2251 tua
1258 2207 1459 2269 opera
1493 2186 1592 2249 uti
1635 2185 1830 2251 velim
1881 2184 1970 2249 ad
2011 2184 2344 2267 dignitatis
2392 2203 2550 2249 meae

213 2309 336 2353 non
384 2290 531 2355 dico
578 2290 1161 2374 amplificationem,
1210 2292 1327 2357 sed
1359 2291 1718 2356 custodiam
1761 2296 2012 2355 tantum
2046 2296 2244 2373 atque
2278 2287 2552 2354 tutelam

219 2392 393 2459 brevi
439 2395 800 2460 ostendam.

387 2500 819 2585 Imperatoria
865 2504 1172 2587 majestas
1218 2524 1385 2567 anno
1450 2503 1782 2586 praeterito
1821 2504 1842 2541 ¹
1912 2524 2031 2586 per
2092 2501 2318 2567 literas
2351 2503 2552 2565 vman-

216 2604 419 2685 davit,
478 2612 557 2670 ut
622 2606 703 2671 de
764 2607 1128 2673 cremandis
1184 2608 1556 2673 Judaeorum
1628 2606 1812 2671 libris
1889 2605 2046 2690 quid
2113 2606 2422 2671 sentirem
2478 2606 2547 2669 in

218 2712 478 2777 modum
530 2713 779 2777 consilii
812 2714 1143 2793 referrem,
1192 2721 1259 2779 et
1290 2715 1602 2797 scriptum
1637 2713 2129 2796 archiepiscopo
2173 2710 2549 2792 Moguntino

217 2837 291 2880 ea
343 2818 409 2881 in
476 2838 707 2885 caussa
754 2820 1212 2899 cammissariO,
1260 2820 1790 2897 transmitterem,
1842 2817 2082 2882 Caesari
2126 2815 2546 2881 reddendum.

214 2920 529 3006 Intelligis
577 2946 657 2989 ex
703 2925 824 2990 hoc
869 2947 971 2991 me
1020 2947 1144 2989 non
1178 2931 1438 3005 temere,
1487 2925 1605 2991 sed
1635 2924 2022 2989 necessitate
2072 2920 2336 2986 ductum
2365 2919 2546 2985 istud

216 3027 427 3093 oneris
491 3029 769 3095 subiisse
804 3032 845 3095 ².
937 3031 1249 3114 Intelligis
1298 3030 1634 3097 consilium
1692 3050 1816 3095 non
1864 3029 2062 3094 fuisse
2119 3025 2547 3111 prodendum,

218 3133 327 3197 sed
380 3134 623 3199 Caesari
684 3134 966 3201 fideliter
1026 3136 1618 3203 transmittendum.
1712 3134 1882 3199 Audi
1945 3134 2286 3218 reliquum.
2397 3132 2549 3199 Feci

214 3238 385 3320 quod
445 3241 651 3322 potui.
744 3242 906 3307 Cum
968 3242 1137 3307 enim
1202 3242 1281 3307 de
1348 3264 1424 3307 eo
1481 3242 1746 3325 negocio
1792 3240 2182 3325 Imperator,
2239 3239 2307 3303 in
2365 3240 2551 3324 cujus

213 3350 479 3427 pectore
541 3345 846 3410 dicuntur
905 3348 1120 3412 omnia
1181 3369 1322 3413 esse
1368 3348 1524 3432 jura
1583 3347 1950 3424 recondita,
2009 3345 2149 3429 ipse
2197 3343 2548 3425 dubitaret,

212 3470 468 3535 cunque
514 3450 756 3516 nullam
805 3472 921 3535 ego
968 3453 1193 3536 legem,
1241 3453 1490 3518 nullum
1536 3474 1864 3531 canonem,
1911 3450 2160 3514 nullum
2192 3450 2544 3529 decretum,

195 3556 458 3625 nullam
507 3556 1110 3624 determinationem
1158 3559 1542 3623 universalis
1599 3558 1885 3623 ecclesiae
1944 3554 2273 3632 vidissem,
2335 3576 2546 3638 neque

214 3661 501 3727 viderem
568 3663 649 3727 de
708 3664 1070 3730 cremandis
1130 3664 1505 3729 Judaeorum
1568 3662 1752 3728 libris
1819 3659 2114 3744 specifice
2159 3659 2388 3738 latam,
2437 3680 2547 3724 eas

214 3768 441 3835 ambas
502 3768 587 3833 ob
651 3790 881 3835 causas
930 3770 1111 3853 juste
1158 3770 1312 3834 mihi
1359 3770 1568 3834 visum
1621 3775 1751 3845 est,
1797 3765 2140 3833 materiam
2187 3764 2352 3829 hanc
2399 3785 2542 3829 esse

214 3872 281 3937 in
317 3876 469 3958 jure
517 3873 969 3954 dubitabilem,
1015 3875 1131 3940 ubi
1182 3896 1309 3939 non
1357 3874 1631 3963 scientia
1676 3873 1788 3939 sed
1835 3870 2067 3955 opini0,
2115 3891 2244 3934 11011
2289 3870 2549 3933 (10111011-

218 3980 443 4043 stratio
492 3979 610 4045 sed
655 3981 1009 4064 persuasio,
1054 4002 1183 4046 non
1228 3978 1593 4063 philosophi
1642 3977 1756 4043 sed
1803 3975 2086 4041 oratoris
2147 3996 2380 4040 munus
2442 3995 2544 4039 re-

222 4084 604 4166 quiteretur.

394 4191 580 4256 Unde
636 4191 1017 4275 propensior
1071 4210 1188 4276 ego
1248 4191 1315 4256 in
1370 4197 1626 4275 partem
1682 4187 2118 4274 benigniorem
2178 4186 2404 4270 putavi
2463 4206 2542 4252 ea

231 4314 365 4377 quae
391 4318 504 4381 per
535 4297 901 4363 sanctiones
932 4317 1055 4362 non
1104 4303 1257 4363 sunt
1287 4298 1371 4361 ad
1402 4297 1810 4363 exustionem
1841 4296 2148 4360 damnata
2181 4291 2549 4357 conservari

1369 4458 1405 4497 ιιι

374 4552 397 4599 1
434 4550 579 4605 Anno
616 4546 899 4621 praeterito]
941 4552 1007 4601 26
1044 4548 1159 4603 Juli
1204 4551 1336 4601 1510
1374 4549 1512 4603 oben
1549 4564 1660 4603 nro.
1701 4548 1864 4601 CXX.
2011 4550 2040 4597 2
2080 4546 2324 4601 Zubiisse
2369 4551 2416 4601 1.
