2950 5042
1566 392 1699 480 262

417 584 778 671 ...proximis
839 584 942 651 his
1000 583 1332 655 mensibus
1393 586 1460 669 in
1519 584 1633 651 illa
1696 590 1815 654 tna
1860 604 2059 654 causa
2104 586 2323 655 actum
2366 577 2583 659 fuerit,-
2614 575 2756 646 adeo

464 691 712 759 indicat
768 690 1050 757 fideliter
1071 740 1086 771 ‚
1146 696 1221 756 ut
1268 692 1495 777 quanti
1559 696 1625 757 te
1679 690 1915 771 faeiat,
1989 691 2132 775 ipsa
2184 710 2306 757 sua
2360 686 2555 755 verba
2580 682 2758 774 *haud

419 874 428 881 ‚
465 795 744 865 obscure
788 802 1133 863 testentur.
1187 782 1290 873 ’,Ιε
1333 796 1553 865 Romae
1614 802 1757 866 tota
1800 817 2005 881 prope
2051 800 2305 873 aestate,
2361 798 2436 860 ut
2485 788 2759 873 intelligo,

464 921 718 971 moram
764 902 1000 981 traxit,
1064 901 1402 972 literarum
1450 908 1519 969 et
1579 903 1645 974 in
1690 902 1917 987 primis
1992 886 2303 972 noscendi
2346 897 2512 986 juris
2566 895 2761 981 gratia.

423 1076 430 1084 ,
467 1008 598 1093 Sed
641 1008 756 1073 lite
794 1009 816 1046 ¹
875 1006 1155 1093 quadam
1175 990 1182 1001 ’
1203 1007 1390 1095 ,inte-1·
1435 1029 1507 1073 se
1570 1014 1641 1073 et
1686 1006 1909 1073 Gallos
1950 1006 2207 1093 aliquot
2252 1004 2336 1073 ob
2382 1024 2487 1073 res
2532 1000 2765 1069 Germae

466 1134 698 1179 norum
768 1119 1030 1193 exorta,
1092 1133 1219 1179 uno
1285 1112 1581 1179 confecto
1643 1113 1865 1193 Galle,
1943 1112 2211 1197 reliquis
2271 1116 2491 1181 autem
2562 1107 2764 1176 misere

467 1218 704 1285 sauciis
731 1267 746 1297 ‚
804 1218 1165 1284 Bononiam
1225 1224 1448 1302 petere
1510 1224 1954 1305 coactus-est,
2012 1217 2164 1299 illie„
2192 1214 2491 1301 fortassis
2550 1210 2765 1281 diutule

464 1344 828 1413 mansurus
921 1324 1179 1403 Quanto
1241 1346 1392 1390 vero
1453 1346 1558 1390 me
1624 1326 1857 1409 gaudio
1922 1323 2161 1390 afficiat
2206 1322 2414 1389 omnis
2455 1318 2569 1385 illa
2620 1317 2769 1384 fama

467 1450 611 1515 quae
658 1429 999 1495 victoriam
1044 1430 1585 1496 innocentissimae
1633 1432 1779 1496 vitae
1813 1436 1941 1496 tuae
1988 1436 2219 1495 contra
2248 1428 2610 1494 Stoicorum
2634 1425 2768 1489 istas

466 1534 688 1601 simias
735 1534 1084 1620 adjudicat,
1131 1557 1258 1601 non
1305 1535 1497 1601 facile
1544 1536 1932 1621 scripserim,
1979 1556 2057 1601 ac
2102 1556 2183 1599 ne
2216 1532 2488 1599 dixerim
2522 1528 2769 1616 quidem,

464 1642 520 1707 si
568 1661 787 1706 coram
819 1661 1054 1707 essem:
1102 1641 1292 1710 testis
1341 1642 1510 1735 enim
1558 1664 1699 1709 esse
1735 1664 2010 1727 vpossum
2057 1640 2162 1707 vel
2208 1623 2614 1729 posteritatis
2640 1655 2767 1721 quo-

465 1746 642 1811 niam
689 1746 1076 1811 altissimum
1138 1744 1302 1812 illud
1358 1754 1619 1812 tuarum
1676 1738 2120 1814 doctrinarum
2183 1746 2397 1811 ocium
2462 1750 2595 1809 tam
2636 1762 2770 1827 prae·

435 1842 651 1936 'cipiti
726 1850 1170 1917 molestiarum
1235 1860 1301 1917 et
1366 1853 1933 1937 perturbationum
2014 1853 2266 1937 impetu
2336 1870 2469 1915 non
2543 1849 2771 1933 dignum

420 1986 435 1993 -
470 1956 788 2037 extiterit;
848 1978 1122 2041 cumque
1183 1958 1436 2023 doleam
1484 1980 1777 2043 persaepe
1825 1958 1905 2023 de
1950 1958 2204 2037 multis,
2249 1956 2433 2023 istud
2476 1972 2772 2039 nunquam

465 2080 594 2127 non
641 2069 908 2145 gravate
953 2063 1094 2142 tuli,
1141 2064 1314 2148 quod
1358 2063 1648 2129 homines
1694 2064 1807 2143 illi,
1853 2084 2127 2149 quorum
2174 2060 2519 2145 stipendiis
2562 2056 2773 2124 invidia

475 2167 732 2246 militat,
780 2174 1000 2233 tantas
1046 2169 1109 2233 in
1156 2190 1228 2234 re
1275 2170 1535 2235 tantilla
1580 2168 1931 2254 tragoedias
1976 2169 2330 2247 moverint,
2391 2171 2469 2233 ut
2510 2186 2617 2231 res
2656 2170 2772 2229 tota

431 2278 569 2337 ·tot
605 2272 994 2357 judiciorum
1043 2295 1379 2355 censuras,
1437 2296 1819 2359 magnorum
1876 2275 2076 2341 etiam
2128 2274 2423 2358 judicum
2472 2290 2771 2347 consensu,

431 2378 870 2443 sustinuerit.
963 2380 1262 2463 Imponet
1316 2380 1415 2445 his
1460 2380 1653 2446 finem
1690 2383 2003 2455 ‚Romauae
2066 2380 2239 2447 sedis
2294 2379 2650 2457 autoritas,
2692 2380 2770 2440 tot

461 2483 610 2547 vitae
658 2490 786 2549 tuae
809 2468 900 2549 ⁵et
947 2484 1328 2551 eruditionis
1374 2486 1782 2570 praeconibus
1827 2486 2109 2566 munita,
2163 2486 2335 2551 inter
2400 2505 2567 2570 quos
2611 2484 2770 2547 Eras-

462 2610 639 2653 mum
683 2589 823 2673 ipse
853 2589 1358 2654 Roterodamum
1389 2591 1556 2656 adeo
1605 2592 1885 2659 libenter
1928 2592 2197 2677 accipie,
2241 2597 2317 2657 ut
2360 2592 2529 2659 nihil
2562 2586 2765 2671 magis.

423 2694 596 2778 -Ego
644 2692 1212 2779 quantulacunque
1253 2695 1553 2764 doctrina
1598 2718 1674 2762 ac
1719 2698 1973 2781 ingenio
2018 2698 2087 2763 id
2117 2697 2367 2778 moliar,
2414 2702 2495 2763 ut
2525 2696 2627 2761 vel
2653 2712 2769 2757 meo

451 2798 696 2887 judicio
775 2801 1090 2885 Capnioni
1165 2801 1465 2867 debuisse
1552 2803 1878 2869 studiosos
1966 2824 2189 2869 omnes
2264 2803 2494 2868 futura
2568 2796 2769 2867 saecula

461 2913 834 2990 agnoscant.
949 2906 1324 2973 Excudetur
1375 2909 1514 2993 jam
1572 2930 1740 2975 nunc
1804 2930 1845 2975 a
1890 2930 1993 2975 me
2042 2910 2325 2993 scriptus
2400 2908 2487 2974 de
2545 2906 2769 2993 poetica

458 3010 735 3091 libellus,
779 3013 846 3077 in
895 3034 1022 3096 quo
1069 3012 1545 3078 meritissimam
1594 3013 1856 3081 laudem
1902 3015 1999 3079 tui
2045 3015 2206 3081 locis
2252 3014 2595 3099 'oportunis
2632 3012 2770 3080 inse-

457 3118 596 3196 rui,
656 3138 869 3183 meam
927 3120 993 3181 in
1041 3124 1110 3183 te
1171 3119 1648 3185 observantiam
1707 3122 1829 3186 hoc
1890 3122 2035 3206 ipso
2081 3126 2448 3187 testaturus
2494 3121 2631 3204 ejus
2671 3112 2771 3181 tibi

461 3222 714 3306 copiam
759 3223 939 3289 brevi
984 3224 1236 3290 faciam.
1307 3225 1468 3291 Vale
1510 3233 1577 3291 et
1609 3227 1839 3291 scribe.
1915 3227 2195 3293 Viennae.
2242 3226 2431 3291 Anno
2482 3220 2770 3292 Mnxvl.

641 3339 964 3401 Gedruckt:
1008 3346 1032 3399 1
1073 3360 1158 3397 τ..-
1187 3360 1226 3416 y
1259 3361 1287 3400 z
1319 3337 1424 3416 iib3
1474 3347 1510 3401 2
1548 3364 1632 3407 τ..
1662 3344 1909 3405 Hutteni
1951 3361 2131 3421 opera
2174 3344 2267 3405 ed.
2302 3344 2567 3419 Bocking
2603 3342 2703 3401 vol.
2729 3336 2765 3396 1.

457 3464 503 3507 s.
544 3450 690 3507 104.

1608 3536 1643 3574 *

603 3624 626 3667 1
671 3619 807 3687 Lite]
847 3620 974 3671 iiber
1014 3622 1186 3672 dieses
1215 3623 1497 3675 abenteusr
1522 3625 1633 3692 vgl.
1658 3626 1859 3677 Hutten
1899 3642 1963 3676 an
1992 3625 2293 3677 Gerbellius
2319 3625 2566 3693 Bologna
2586 3626 2643 3674 31
2670 3619 2767 3671 Juli

459 3706 594 3757 1516
633 3708 854 3758 Hutteni
893 3726 1049 3775 opera
1087 3711 1166 3762 ed.
1209 3714 1479 3780 Bsekiug,
1532 3715 1636 3764 vol.
1676 3716 1717 3777 Ι,
1755 3730 1796 3765 s.
1845 3717 1941 3767 105
1979 3716 2016 3765 f.
2093 3714 2264 3766 Unser
2312 3714 2474 3788 brief¹
2500 3715 2569 3765 ist
2604 3711 2764 3761 selbst-

453 3796 814 3847 verstiindlich
852 3804 1028 3869 sputer
1066 3802 1144 3851 als
1185 3800 1276 3851 dci·
1313 3804 1641 3869 angefiihrte,
1678 3804 1732 3855 in
1772 3803 1889 3855 dem
1932 3804 2047 3859 sich
2087 3806 2218 3857 iiber
2250 3803 2513 3857 Reuchlin
2550 3796 2764 3869 folgende

453 3882 605 3961 stelle
643 3885 830 3935 findet:
883 3887 946 3937 de
987 3886 1273 3955 Oapnionis
1322 3893 1511 3941 summi
1554 3893 1653 3941 viri
1692 3908 1853 3943 causa
1890 3892 2024 3943 bene
2072 3900 2123 3943 te
2161 3910 2372 3961 sperare
2404 3892 2591 3958 jubeo:
2642 3886 2763 3937 salus

451 3971 524 4019 in
544 3974 820 4038 procinctu
860 3982 968 4027 est:
1010 3977 1364 4043 Hogostratus
1401 3978 1837 4046 theologistarum
1879 3980 2039 4048 alpha
2072 3982 2279 4048 ingenti
2319 3982 2542 4033 decocta
2571 3974 2764 4047 pecnnia

451 4056 790 4128 (tanti'spem
831 4078 979 4115 suam
1018 4068 1165 4135 emit)
1211 4066 1346 4117 nihii
1387 4070 1563 4119 effecit
1600 4070 1793 4135 quique
1834 4070 1959 4120 olim
1999 4072 2233 4137 potentia
2270 4071 2434 4121 fretus
2474 4084 2569 4119 sua
2594 4065 2762 4133 optimo

453 4148 648 4213 cuique
674 4150 926 4201 molestus
963 4154 1118 4203 facile
1165 4156 1276 4213 suit,
1317 4160 1375 4225 τῇ
1413 4155 1603 4225 κεφαλῇ
1641 4156 1725 4206 τὸν
1765 4154 1971 4225 οὐρανὸν
2010 4154 2269 4228 ἐξαρᾶσσεν
2307 4155 2560 4227 ἐπιχειρῶν
2591 4157 2761 4205 fractus

450 4236 623 4287 animo
678 4243 757 4288 est
804 4238 1190 4307 destitutusque
1241 4243 1398 4310 lupus
1429 4244 1593 4301 ‚hians
1642 4245 1883 4302 discedit.
1956 4247 2209 4302 Erasmus
2245 4248 2486 4315 pontifici
2529 4256 2759 4297 commen·

413 4324 596 4373 ‘davit
647 4326 970 4392 Capnionem
1023 4329 1208 4379 literiS.
1298 4332 1443 4382 Duos
1510 4335 1804 4383 Germaniae
1849 4335 2033 4387 oculos
2084 4336 2229 4386 omni
2274 4335 2445 4387 studio
2499 4326 2758 4400 amplexari

451 4410 726 4463 debemus:
767 4430 859 4479 per
895 4432 984 4464 eos
1026 4418 1161 4466 enim
1203 4418 1428 4469 barbara
1465 4438 1581 4471 esse
1620 4422 1815 4471 desinit
1851 4422 1965 4473 haec
1992 4426 2153 4475 natio.
2228 4423 2351 4491 vgl.
2386 4423 2521 4474 auoh
2554 4422 2755 4473 Huttens

431 4497 614 4548 'briefe
656 4516 720 4549 an
763 4503 992 4565 Crocus,
1037 4506 1085 4567 9,
1141 4510 1204 4555 22
1259 4510 1392 4575 Aug.
1453 4510 1611 4573 1516,
1664 4510 1905 4579 Bocking
1958 4529 2005 4563 a.
2046 4528 2095 4565 a.
2137 4528 2184 4563 o.
2232 4512 2283 4577 1,
2320 4530 2363 4566 s.
2406 4512 2501 4561 123
2541 4510 2617 4561 bis
2657 4504 2751 4557 126·
