2950 5042
1571 365 1704 432 286

463 545 547 618 de
606 552 803 620 verbo
874 552 1143 620 mirifico
1192 553 1584 638 Vangiorum
1646 554 1930 621 antistiti
1986 557 2272 639 psalmos
2338 558 2400 628 S.
2455 555 2798 626 Athanasii

454 655 691 724 Iacobo
752 659 1018 726 Aurelio
1077 659 1586 744 Questsmbergo
1603 711 1618 740 ‚
1689 659 2060 729 rudimenta
2119 663 2430 732 hebraica
2485 665 2802 749 Dionysio

454 761 645 828 fmtri
698 785 843 831 meo
916 786 1221 849 germano
1290 765 1620 831 sacerdoti
1641 814 1656 845 ,
1725 769 2224 834 commentarios
2285 770 2352 834 in
2395 770 2842 854 poenitentiae·

449 868 739 952 psalmos
792 870 1133 938 hebraicos
1178 871 1427 938 Jacobo
1486 871 1730 955 Lempo
1787 871 2122 957 theologiae
2162 875 2458 960 jurisque
2521 875 2798 941 doctori.

450 973 638 1042 Nunc
692 967 1039 1067 περιοδικῶς
1096 977 1186 1043 ad
1242 998 1496 1044 summa
1555 979 1910 1044 revertenti
1967 979 2300 1063 proximus
2361 1002 2430 1046 es
2494 987 2572 1046 tu
2621 980 2805 1060 mihi,

448 1079 735 1148 Adriane
753 1131 768 1162 ,
816 1088 1083 1150 senatus
1128 1083 1470 1168 apostolici
1515 1084 1740 1165 decus,
1787 1107 1984 1169 quem
2032 1091 2132 1152 tot
2185 1085 2330 1153 orbi
2375 1085 2621 1168 literae,
2666 1093 2802 1152 tam

453 1183 829 1272 frequentes
898 1209 1098 1256 musae
1161 1191 1459 1255 universo
1523 1191 2010 1273 commendant,
2073 1191 2236 1258 libet
2307 1193 2477 1260 enim
2543 1193 2804 1278 reliqua

455 1291 695 1360 decora
764 1291 1043 1362 nominis
1116 1297 1215 1362 tui
1274 1295 1353 1361 iis
1433 1296 1826 1363 celebranda
1925 1298 2293 1382 relinquere
2371 1298 2614 1384 quibus
2701 1304 2801 1364 est

419 1398 923 1477 -immortalibus
982 1399 1179 1485 digna
1246 1401 1554 1486 operibus
1621 1401 2014 1486 eloquentia.
2129 1403 2460 1473 Caeterum
2520 1411 2680 1472 sunt
2735 1406 2800 1470 in

450 1505 655 1573 oeulis
698 1507 983 1574 omnium
1030 1529 1175 1593 quae
1218 1506 1413 1574 fidem
1460 1507 1772 1574 doctrinae
1819 1516 1936 1576 tua
1983 1508 2232 1576 faciunt
2277 1517 2346 1579 et
2391 1532 2512 1595 ego
2545 1512 2800 1597 magnis

446 1613 697 1697 accipio
740 1615 1046 1694 testibus,
1106 1614 1435 1698 impendio
1479 1621 1546 1680 te
1593 1636 1724 1680 non
1767 1615 2218 1684 communibus
2275 1616 2470 1684 modo
2537 1618 2800 1699 studiis,

448 1715 563 1786 sed
610 1719 934 1786 hebraicis
978 1741 1234 1805 quoque
1281 1721 1449 1786 raris
1494 1719 1626 1786 inis
1671 1719 2004 1787 oblectari.

466 1847 474 1854 ·
628 1827 800 1905 Quo,
886 1824 1424 1892 excellentissime
1503 1826 2037 1911 presbyterorum
2102 1827 2467 1912 Archegeta
2486 1880 2501 1909 ,
2553 1829 2788 1896 librum

450 1951 644 2016 quem
690 1932 771 1998 de
818 1931 1199 1998 accentibus
1262 1938 1331 1998 et
1372 1931 1842 2018 orthographia
1885 1934 2120 2019 linguae
2141 1934 2487 2008 ,hebraicae
2519 1937 2776 2020 inscrip-

446 2041 588 2104 tum
632 2037 813 2104 vides
857 2038 979 2105 tibi
1026 2059 1327 2123 nuncupo
1366 2039 1405 2102 ¹.

1372 2156 1544 2216 Liber
1577 2157 1866 2216 secundus.

622 2247 881 2316 Satisne
946 2250 1083 2331 jam
1097 2299 1112 2329 ,
1168 2269 1253 2316 au
1308 2249 1521 2315 minus
1585 2247 1991 2332 grammatici
2067 2245 2170 2315 offi
2185 2246 2284 2314 cio
2347 2248 2415 2314 in
2475 2246 2796 2314 hebraica

446 2353 667 2439 lingua
711 2355 921 2422 functi
966 2356 1196 2436 simus,
1256 2361 1441 2422 tuum
1489 2361 1628 2422 esto
1670 2354 1985 2440 judicium
2011 2403 2028 2436 ‚
2088 2345 2370 2421 Adriane
2436 2355 2796 2422 cardinalis

440 2462 995 2542 reverendissime,
1045 2463 1157 2548 qui
1202 2468 1357 2528 ante
1388 2483 1594 2528 annos
1645 2466 1724 2526 12
1773 2460 1854 2526 de
1876 2459 2170 2546 judaicis.
2191 2459 2400 2526 literis
2447 2468 2516 2527 et
2563 2482 2798 2528 earum

438 2568 501 2634 vi
533 2589 610 2634 ac
640 2574 997 2654 potestate,
1030 2575 1167 2634 tum
1202 2568 1284 2635 de
1317 2568 1659 2653 primitivis
1691 2564 2100 2646 dictionibus,
2131 2566 2302 2634 unde
2333 2565 2549 2635 solent
2567 2574 2797 2634 cetera

436 2675 757 2742 vocabula
787 2673 1119 2759 proficisci
1164 2675 1251 2740 ad
1298 2680 1660 2742 extremum
1708 2674 1788 2740 de
1835 2679 1978 2740 a‘rte
2009 2671 2377 2740 literatoria
2421 2693 2544 2758 per
2593 2695 2796 2759 quam

440 2780 779 2848 derivandi
825 2803 905 2848 ac
962 2781 1341 2848 inflectendi
1398 2789 1622 2866 partes
1669 2779 1982 2847 orationis
2045 2785 2146 2846 cst
2191 2779 2348 2845 data
2393 2779 2690 2846 facultas·
2731 2781 2792 2846 in

436 2887 651 2954 tribus
706 2888 1217 2956 rudimentorum
1264 2895 1634 2954 nostrorum
1681 2886 1866 2952 libris
1918 2885 2438 2972 conscripsimus.
2535 2887 2796 2952 Deinde

435 2993 773 3089 aliquanto
832 3001 981 3080 post
1027 3002 1321 3079 tempore
1377 3015 1697 3060 canonum
1759 2993 2216 3077 experimenta
2258 2999 2328 3058 et
2371 2994 2798 3076 operationes

438 3099 504 3165 in
550 3099 947 3186 psalmorum
1007 3107 1256 3187 septe-m
1316 3099 1804 3168 commentariis
1877 3097 2288 3166 absolvimus,
2379 3096 2566 3164 Nunc
2637 3120 2796 3164 vero

432 3207 607 3292 quod
637 3207 765 3273 arti
811 3207 1021 3274 adhuc
1052 3208 1283 3274 deerat
1312 3206 1393 3274 de
1440 3206 1820 3273 accentibus
1868 3211 1934 3270 et
1979 3210 2160 3272 recte
2193 3203 2524 3274 scribendi
2570 3204 2791 3272 modis

432 3314 874 3381 tractavimus.
896 3315 923 3356 ²
996 3315 1083 3381 Et
1126 3314 1387 3401 quidem
1417 3313 1755 3380 ferendum
1802 3317 1945 3378 erat
1987 3310 2054 3378 in
2100 3309 2222 3378 hoc
2253 3331 2548 3379 cessasse
2579 3317 2793 3396 atque

1599 3499 1632 3539 ,μ

581 3638 602 3686 1
646 3634 745 3686 Die
786 3634 1033 3703 fulgendo
1068 3634 1248 3698 stelle,
1303 3634 1387 3686 die
1428 3647 1526 3686 nur
1565 3632 1650 3684 cin
1689 3630 2217 3684 inhaltsverzeichnis
2255 3630 2347 3684 des
2397 3630 2610 3686 werkes
2647 3630 2786 3700 gibt,

434 3721 513 3781 ut,
540 3724 897 3792 suegelassen.
973 3728 1053 3777 An
1092 3725 1177 3776 die
1214 3725 1512 3791 sinleitung
1549 3739 1670 3774 zum
1709 3731 1880 3774 ersten
1919 3719 2148 3774 schliesst
2195 3723 2312 3774 sich
2351 3721 2438 3772 die
2477 3738 2542 3773 an
2583 3721 2788 3773 Adi-iau

428 3815 719 3885 gericbtcte
758 3813 1049 3882 sinleitung
1086 3831 1207 3864 zum
1244 3815 1463 3864 zweiten
1516 3813 1704 3864 buche.
1853 3815 1880 3860 2
1921 3797 2181 3875 Kbnlich,
2237 3812 2336 3861 wie
2391 3813 2445 3861 in
2495 3811 2611 3862 dem
2664 3826 2792 3860 vor·

428 3902 719 3956 stehcndcn
768 3904 911 3954 zahlt
952 3903 1075 3955 Joh.
1126 3903 1368 3954 Socerius
1420 3905 1472 3953 in
1527 3903 1696 3952 ciuem
1748 3903 2174 3968 gutgcmeinten,
2225 3899 2350 3950 aber
2402 3899 2643 3951 schlecht
2685 3915 2792 3965 ge-

426 3989 694 4059 lungenen
750 3992 1099 4060 epigr-emme,
1159 3991 1251 4042 dus
1297 3991 1414 4042 sich
1468 4007 1553 4042 am
1605 3990 1844 4040 schlusss
1881 3989 1974 4040 des
2021 3989 2220 4040 buches
2271 3987 2336 4040 ds
2375 3988 2674 4040 accentibus
2729 3995 2790 4037 et

432 4080 811 4149 orthographia
846 4081 1030 4143 findet,
1068 4079 1355 4131 Reuchlins
1394 4079 1568 4130 werke
1605 4079 1738 4130 iiber
1775 4078 1866 4128 das
1906 4077 2224 4129 hebraische
2261 4079 2378 4130 aus:

653 4167 743 4220 Jo.
784 4170 1027 4221 Socerius
1066 4169 1391 4220 Lauchensis
1428 4169 1704 4218 literarum
1741 4181 2008 4218 sacrarum
2047 4166 2318 4218 studiosis.

788 4257 891 4321 Qui
928 4260 1075 4326 cupit
1112 4257 1373 4308 hebraeam
1412 4273 1529 4308 sese
1567 4257 1698 4308 duce
1737 4269 1954 4306 noscere
1995 4256 2232 4322 linguam

858 4347 915 4397 In
954 4349 1129 4414 capita
1163 4347 1405 4414 primum,
1444 4345 1615 4397 biblia
1650 4344 1861 4396 hebraea
1896 4353 2063 4396 secet.

787 4435 992 4486 Deinde
1029 4435 1326 4486 rudimenta
1355 4435 1572 4500 judaica
1609 4433 1910 4502 Cspnionis,

858 4523 993 4575 Tum
1028 4531 1228 4594 septem
1248 4520 1503 4596 'psalmos
1537 4523 1810 4593 expositos
1846 4521 2068 4591 relegat.
