2950 5042
1309 393 1396 466 63

207 585 342 654 vina
383 607 526 655 mea
587 608 760 654 nova
805 588 1046 674 optima
1091 591 1470 660 dulcissima
1536 594 1601 656 et
1644 587 1713 656 in
1756 609 1993 674 magna
2056 587 2237 676 copia
2289 595 2523 678 gustet,

204 694 440 778 probet,
487 695 808 779 deglutiat
835 697 874 761 ².
967 697 1170 782 Spero
1217 699 1388 766 enim
1435 717 1541 762 me
1588 693 1963 762 habiturum
2009 694 2098 761 ad
2142 717 2379 766 annum
2424 697 2523 766 fu-

203 804 404 866 turum
449 800 756 884 plaustra
800 823 926 868 non
992 804 1208 870 minus
1251 804 1380 869 vini
1444 802 1593 870 novi
1654 800 1883 885 optimi
1946 800 2301 868 dulcissimi
2390 803 2516 872 Ne-

199 904 418 970 minem
465 911 792 989 praeterea
821 907 1078 976 habebo
1124 909 1234 996 qui
1265 909 1418 975 dum
1465 929 1655 974 mane
1688 906 2079 991 surgendum
2112 913 2179 972 et
2208 907 2523 975 vestibus-

205 1031 314 1092 que
358 1010 756 1078 induendum
821 1015 1184 1098 promiscue
1247 1021 1314 1082 et
1379 1015 1513 1081 suis
1577 1019 1645 1079 et
1706 1012 1867 1078 meis
1933 1017 2158 1079 utatur
2215 1014 2520 1082 vestibus.

205 1113 354 1193 Quid
411 1117 665 1183 multa?
712 1120 950 1186 carebo
999 1142 1116 1205 ego
1161 1121 1348 1188 unico
1396 1141 1540 1186 meo
1588 1118 1841 1185 solatio.

365 1222 464 1288 Ob
514 1244 628 1289 eas
675 1229 894 1290 tamen
940 1247 1046 1292 res
1078 1248 1299 1292 omnes
1346 1225 1497 1293 nolo
1544 1223 1745 1290 facias
1793 1222 1969 1308 quod
2022 1223 2145 1291 tibi
2196 1246 2323 1290 non
2376 1246 2525 1292 con-

208 1325 402 1408 ducat,
452 1328 758 1413 quodque
815 1336 929 1397 tuo
976 1332 1224 1416 judicio
1285 1332 1409 1397 tibi
1461 1331 1719 1396 videtur
1786 1329 2144 1396 adversum.
2236 1329 2423 1410 Quod
2466 1333 2524 1398 si

211 1451 368 1516 aeque
413 1433 544 1499 tibi
589 1440 664 1500 ut
693 1435 854 1502 mihi
881 1443 1268 1521 congrueret
1311 1437 1567 1502 faceres
1612 1455 1749 1500 rem
1796 1431 1954 1500 mihi
2008 1435 2194 1520 longe
2240 1438 2523 1504 omnium

211 1539 470 1605 maxime
517 1540 952 1623 gratissimam
971 1592 988 1622 ,
1046 1543 1103 1608 si
1155 1542 1320 1608 hanc
1367 1542 1662 1626 hyemem
1708 1545 1913 1606 totam
1962 1539 2159 1606 etiam
2206 1542 2365 1609 meis
2409 1543 2524 1608 im-

219 1645 401 1726 pensis
453 1645 797 1712 nobiscum
860 1669 1112 1732 ageres,
1167 1653 1398 1732 postea
1446 1667 1641 1732 quam
1687 1645 1858 1711 enim
1901 1666 2109 1730 nuper
2154 1667 2195 1711 a
2247 1669 2350 1714 me
2398 1647 2524 1714 dis-

232 1751 488 1832 cessisti,
549 1757 688 1818 tum
731 1753 1008 1837 primum
1059 1755 1229 1821 sensi
1278 1775 1393 1838 ego
1441 1758 1639 1838 atque
1686 1749 2027 1834 magnifeci
2082 1749 2318 1818 solatia
2380 1773 2523 1838 quae

229 1873 288 1919 ex
335 1862 454 1922 tua
501 1859 852 1941 praesentia
896 1859 962 1925 in
1009 1859 1148 1926 dies
1195 1879 1596 1942 acceperam.
1690 1855 1901 1921 Nacta
1948 1855 2145 1922 semel
2193 1857 2525 1941 oportuni-

219 1964 331 2026 tate
390 1963 454 2028 si
513 1963 733 2029 venire
781 1985 908 2030 non
951 1971 1140 2049 potes
1166 2015 1181 2045 ,
1245 1963 1541 2031 describe
1589 1961 1819 2028 saltem
1865 1959 2050 2027 nobis
2098 1962 2295 2028 vitam
2342 1968 2526 2030 tuam

211 2064 625 2134 domesticam
689 2091 804 2135 seu
869 2069 1348 2151 heremiticam;
1419 2068 1614 2135 credo
1678 2067 1844 2134 enim
1910 2072 1977 2133 te
2039 2067 2105 2135 in
2174 2066 2521 2134 solitudine

210 2169 422 2240 domus
485 2180 617 2240 tuae
665 2196 809 2240 cum
857 2174 1009 2241 solis
1056 2176 1238 2242 libris
1285 2175 1414 2242 tuis
1461 2174 1873 2253 delitescere,
1936 2178 2002 2238 et
2046 2181 2123 2238 ut
2166 2171 2327 2238 alias
2374 2194 2521 2238 con-

207 2277 511 2344 stitueras
557 2301 600 2344 a
645 2281 921 2364 negotiis
969 2280 1320 2347 curialibus
1365 2278 1715 2346 abstinere.

359 2385 666 2451 Decanus
714 2391 936 2452 noster
981 2387 1290 2470 spirensis
1328 2389 1466 2471 jam
1514 2385 1752 2450 multos
1799 2383 1936 2450 dies
1990 2381 2311 2450 laboravit
2354 2383 2524 2450 febri

195 2496 543 2572 quartana,
594 2491 698 2555 cui
742 2490 798 2556 si
829 2497 1016 2575 potes
1048 2492 1260 2558 scribe
1293 2491 1767 2577 quamprimum
1799 2487 2024 2554 literas
2056 2488 2522 2556 consolatorias

201 2599 262 2658 et
304 2596 762 2676 medicinales,
818 2597 1022 2663 facies
1080 2598 1248 2662 enim
1313 2598 1373 2662 ei
1427 2619 1567 2662 rem
1624 2600 1895 2680 gratam.
1987 2592 2249 2659 Fuimus
2295 2615 2519 2678 nuper,

200 2701 666 2782 cancellariae,
727 2708 954 2786 pastor
1008 2703 1075 2767 in
1139 2702 1443 2768 Steinach
1491 2708 1558 2767 et
1604 2723 1720 2786 ego
1767 2721 1908 2765 cum
1960 2720 2035 2764 eo
2067 2699 2524 2764 consolationis

206 2824 416 2872 causa.
510 2805 790 2891 Fuitque
846 2807 928 2874 ob
987 2829 1128 2874 eam
1193 2808 1396 2873 solam
1445 2829 1582 2873 rem
1628 2827 1834 2890 nuper
1880 2825 2023 2869 cum
2073 2814 2147 2868 eo
2195 2803 2525 2870 serenissi-

197 2928 338 2978 mus
381 2910 689 2997 princeps
732 2918 976 2980 noster.
1069 2913 1393 2979 Caeterum
1439 2911 1598 2978 utile
1633 2915 1732 2992 (ut
1762 2910 2023 2975 tandem
2056 2909 2174 2974 has
2205 2905 2522 2975 barbaras

202 3016 419 3085 literas
467 3017 884 3104 concludam)
934 3038 1268 3103 sperarem
1313 3018 1507 3084 fratri
1551 3022 1665 3084 tuo
1702 3019 1728 3058 ⁸
1771 3016 1928 3098 fore,
1976 3022 2049 3082 ut
2096 3017 2293 3083 semel
2338 3020 2524 3090 ades—

203 3143 302 3190 ses
343 3129 670 3208 praesente
717 3124 1037 3209 principe;
1083 3130 1308 3209 posset
1353 3125 1523 3192 enim
1570 3122 1781 3190 denuo
1842 3123 1902 3190 ei
1946 3123 2239 3208 promitti
2282 3127 2524 3212 stipen-

203 3227 369 3296 dium
411 3251 536 3315 pro
586 3230 1026 3302 continuanda
1069 3231 1347 3298 lectione
1391 3231 1460 3296 in
1504 3229 1729 3315 lingua
1770 3249 2000 3313 graeca,
2045 3229 2132 3297 ad
2171 3232 2344 3316 quod
2376 3255 2524 3302 can·

205 3335 496 3402 cellarius
561 3334 825 3404 laborat
844 3387 861 3418 ,
927 3336 1045 3404 sed
1113 3359 1268 3404 suus
1336 3336 1513 3404 solus
1574 3335 1763 3404 labor
1813 3335 2012 3403 timeo
2055 3357 2187 3403 non
2232 3337 2521 3418 sufficiet,

211 3460 566 3528 quanquam
630 3447 698 3510 et
755 3463 872 3528 ego
927 3461 1057 3511 non
1103 3443 1359 3510 omnino
1427 3441 1763 3511 dormiam.
1852 3443 2102 3527 Estque
2164 3463 2273 3510 res
2330 3461 2525 3528 propa

217 3549 380 3614 terea
426 3569 506 3614 eo
570 3546 886 3630 deducta,
945 3555 1021 3614 ut
1067 3549 1122 3616 si
1165 3554 1240 3615 tu
1285 3548 1389 3615 vel
1442 3569 1642 3615 unum
1687 3546 1957 3615 verbum
2000 3552 2239 3614 nostrae
2282 3545 2523 3616 actioni

217 3654 367 3734 apud
425 3653 790 3738 principem
851 3653 1209 3736 addideris,
1255 3675 1362 3722 res
1408 3652 1794 3739 expediatur
1836 3647 2123 3734 indubie,
2166 3658 2521 3738 possetque

219 3756 288 3822 sio
338 3758 549 3825 frater
595 3765 746 3825 tuus
794 3760 1170 3826 continuare
1217 3760 1503 3826 studium
1549 3780 1766 3839 suum,
1829 3756 2002 3843 quod
2045 3756 2113 3824 in
2156 3757 2407 3843 legibus
2456 3763 2524 3824 et

222 3864 550 3933 canonibus
595 3864 857 3949 incepit.
952 3865 1112 3932 Vale
1161 3870 1229 3932 et
1271 3887 1374 3932 me
1422 3885 1589 3947 ama,
1636 3869 1835 3949 atque
1878 3864 2067 3931 uxori
2110 3869 2241 3931 tuse
2290 3862 2525 3931 dulcis·

1323 3987 1360 4026 ss

339 4061 363 4111 1
413 4059 496 4112 An
547 4055 649 4112 den
695 4056 928 4113 heiteren
979 4058 1505 4114 zusammenkt‘inften
1559 4060 1615 4111 in
1666 4054 1901 4125 vigilius
1956 4053 2121 4110 hause
2176 4059 2336 4111 nahm
2388 4053 2522 4111 such

219 4139 523 4200 Theodorich
565 4150 890 4200 Gresemund
927 4150 1081 4212 tbeil,
1139 4153 1188 4199 in
1231 4151 1415 4200 dessen
1453 4143 1607 4200 leben
1650 4163 1705 4199 es
1742 4139 1921 4200 heisste
1980 4148 2031 4199 in
2072 4147 2271 4199 aedibus
2310 4141 2524 4200 Heidel-

219 4229 372 4300 bergae
407 4237 715 4303 vigilianum,
754 4254 882 4302 quas
920 4236 1262 4301 inhabitat-at,
1301 4235 1625 4288 doctissimis
1662 4249 1893 4302 persaepe
1936 4238 2063 4286 viris
2104 4237 2331 4300 (Joanne
2370 4239 2525 4286 etium

219 4319 488 4392 capnione)
517 4341 550 4376 a
571 4317 773 4391 vigilio
800 4327 864 4376 ad
891 4339 1089 4376 coenam
1115 4327 1333 4389 vocatis,
1369 4327 1687 4376 tersissimos
1715 4325 2002 4375 versiculos
2038 4323 2217 4374 edidit.
2276 4325 2528 4390 (Riegger

221 4408 442 4464 Amoenit.
501 4413 742 4480 Friburg.
797 4415 842 4463 11
892 4429 936 4464 s.
977 4417 1119 4482 349.)
1265 4419 1294 4464 2
1335 4399 1483 4465 fiber
1528 4412 1819 4476 Dionysius
1863 4412 1921 4462 R.
1968 4411 2021 4460 in
2060 4411 2380 4480 Heidelberg
2416 4410 2524 4478 vgl.

223 4490 412 4566 Lamey,
450 4517 494 4552 a.
530 4517 578 4552 a.
617 4518 664 4552 o.
703 4517 746 4551 s·
787 4503 850 4550 32
891 4501 972 4552 bis
1013 4503 1098 4554 34.
