2950 5042
1603 412 1734 481 154

496 597 734 683 legium
792 620 907 668 oro
968 597 1168 686 atque
1226 598 1498 669 obsecro
1545 603 1592 641 ¹·
1623 608 1692 668 et
1749 599 1834 667 ab
1880 600 2197 670 universis
2243 602 2428 670 vobis
2471 622 2672 689 quam
2716 604 2821 671 hu·
2938 660 2940 685 ἔ

495 705 761 773 millime
796 706 821 745 ²
864 706 961 773 ita
1004 711 1191 789 pet0,
1238 711 1313 772 ut
1356 707 1603 790 majore
1657 728 1847 787 cura,
1891 708 2136 791 maJ‘ore
2183 710 2399 775 studio
2429 708 2608 777 nullo
2639 710 2822 776 modo
2938 720 2940 741 ¹

495 810 759 894 possim,
819 815 895 875 ut
951 830 1065 877 vos
1124 810 1253 894 ipsi
1297 810 1383 877 ad
1429 832 1532 877 me
1582 812 1738 879 dare
1785 831 1948 895 quas
1995 809 2402 897 desyderatis
2447 814 2586 879 sive
2631 836 2824 881 novas

496 935 615 979 seu
658 920 949 981 veterum
996 916 1361 982 extensivas
1407 916 1882 983 declarationes
1901 964 1916 995 ,
1977 916 2130 983 dum
2189 918 2348 1003 quid
2381 917 2408 957 ³
2465 918 2572 985 cui
2609 921 2824 1015 ‘satis

360 1086 378 1095 ,
464 1020 587 1085 ,sit
626 1020 843 1087 nescio
892 1019 1285 1106 easdemque
1327 1043 1477 1087 cum
1514 1022 1780 1105 proprio
1823 1023 2056 1088 nuncio
2089 1024 2287 1089 etiam
2330 1024 2494 1091 meis
2533 1025 2826 1109 expensis

496 1124 657 1191 mihi
711 1125 1157 1191 transmittere
1218 1148 1354 1210 pro.
1396 1127 1692 1193 fraterna
1750 1126 2072 1193 charitate
2131 1128 2509 1211 dignemini,
2569 1137 2648 1195 ut
2712 1129 2826 1194 illis

468 1229 649 1295 -visis
708 1228 983 1296 sollicite
1048 1232 1405 1315 cogitemus
1457 1230 1528 1296 in
1579 1231 1972 1297 alterutrum
2035 1253 2299 1299 servare
2345 1234 2666 1301 unitatem
2716 1235 2828 1318 spi-

493 1333 661 1400 ritus
708 1334 775 1399 in
820 1334 1075 1403 vinculo
1120 1337 1320 1420 pacis,
1368 1341 1692 1423 quatenus
1739 1335 1912 1402 idem
1959 1337 2314 1420 sapiamus,
2375 1343 2444 1403 et
2485 1338 2554 1403 in
2601 1339 2827 1405 eadem

396 1452 401 1455 “
466 1459 989 1523 ,permaneamus
1031 1442 1272 1526 regula,
1318 1441 1405 1509 ad
1452 1438 2020 1507 reaedificationem
2059 1440 2477 1522 offensorum,
2523 1448 2592 1509 et
2645 1443 2825 1509 famae

492 1564 651 1610 mea)
696 1546 1232 1628 permanentiam,
1279 1552 1347 1613 et
1391 1545 1752 1613 devotionis
1800 1550 2031 1611 vestrae
2077 1547 2488 1630 praeconium.

602 1654 606 1658 '
674 1648 783 1715 Sin
828 1655 1048 1717 autem
1094 1652 1306 1736 rigore
1352 1651 1655 1737 quodam,
1701 1672 1783 1716 ne
1829 1650 2102 1717 dixerim
2149 1652 2416 1733 saevitia,
2483 1654 2631 1719 istis
2677 1653 2826 1718 meis
2938 1710 2940 1717 .

490 1752 793 1839 precibus
840 1760 975 1821 tam
1018 1756 1369 1823 humilibus
1430 1756 1844 1841 acquiescere
1889 1756 2249 1837 nolueritis,
2297 1757 2415 1824 sed
2458 1758 2682 1841 potius
2733 1778 2822 1821 me
2938 1792 2940 1822 ε

490 1880 743 1941 cogere,
790 1866 865 1926 ut
910 1882 1026 1944 ego
1070 1856 1210 1946 ipse
1254 1862 1494 1926 mentis
1538 1880 1696 1927 meae
1743 1859 2078 1928 uberiores
2133 1862 2611 1929 declarationes
2657 1862 2825 1947 prior
2937 1892 2940 1929 i

492 1962 779 2045 'offer-am,
828 1964 1001 2049 quod
1046 1970 1265 2031 tamen
1309 1964 1662 2034 formidare
1707 1986 1812 2031 me
1857 1986 1985 2031 non
2041 1967 2196 2033 sinit
2237 1967 2641 2033 incredibilis
2687 1989 2824 2052 erga
2937 1997 2940 2036 i

493 2073 747 2135 vestras
810 2070 1307 2146 humanissimas
1366 2070 1792 2137 discretiones
1847 2070 2086 2137 fiducia
2128 2093 2300 2153 mea,
2346 2072 2582 2138 saltem
2631 2072 2719 2139 de
2761 2092 2821 2137 eo
2937 2104 2940 2143 ε

492 2172 635 2258 ipso
683 2194 940 2259 quoque
987 2196 1106 2260 per
1149 2175 1376 2243 literas
1422 2181 1674 2243 vestras
1719 2176 1960 2241 iterum
2005 2179 2166 2243 meis
2213 2177 2512 2263 expensis
2557 2199 2666 2245 me
2701 2200 2824 2243 cer·
2938 2230 2940 2233 .

493 2280 729 2345 tiorem
772 2278 1007 2361 facere,
1053 2301 1567 2366 responsumque
1613 2300 1829 2347 meum
1891 2280 2242 2349 clementer
2287 2288 2642 2375 expectare
2699 2284 2825 2349 sine

492 2384 1007 2470 praecipitatione
1076 2406 1207 2451 non
1268 2385 1734 2470 dedignemini;
1801 2406 1921 2451 nec
1991 2388 2244 2453 interea
2305 2388 2659 2473 quicquam
2721 2386 2822 2470 ad-
2937 2423 2940 2461 ;

492 2510 717 2556 versus
764 2512 865 2557 me
924 2494 1282 2571 attentare,
1340 2510 1460 2575 per
1521 2489 1800 2557 salutem
1857 2492 2292 2575 evangelicam
2350 2514 2464 2559 vos
2519 2492 2825 2559 obtestor.
2938 2544 2940 2549 .

494 2594 593 2659 Ne
638 2594 796 2659 mihi
843 2594 1026 2662 bonae
1087 2596 1275 2663 famae
1320 2596 1528 2663 futuri
1591 2596 1734 2661 sitis
1790 2596 2310 2681 interemptores,
2359 2619 2526 2683 quos
2571 2597 2719 2666 colo
2765 2605 2824 2663 et
2934 2668 2940 2671 ,Α

492 2699 767 2767 observo
812 2701 1247 2784 pientissimos
1291 2700 1554 2767 honoris
1583 2702 1714 2769 mei
1759 2708 2068 2787 parentes
2115 2708 2184 2769 et
2211 2709 2494 2770 autores.
2606 2704 2828 2771 Valete

491 2805 815 2885 foeliciter,
882 2805 1001 2871 viri
1048 2804 1587 2872 excellentissimi.
1681 2806 2068 2893 Stutgardiae
2103 2811 2141 2874 6
2169 2808 2200 2847 ⁴·
2243 2807 2516 2875 Kalend.
2593 2809 2828 2875 Febru-
2937 2849 2940 2887 5

499 2910 694 2979 arias.
786 2910 970 2977 Anno
1024 2915 1212 2976 1512.

672 3032 993 3096 Gedruckt:
1023 3040 1054 3095 1
1074 3054 1156 3091 ε..-
1174 3037 1231 3097 J.
1244 3053 1299 3096 v.
1320 3054 1369 3098 e.
1389 3055 1427 3112 g
1444 3037 1510 3096 iii
1526 3037 1615 3098 bis
1631 3056 1668 3111 g
1687 3042 1778 3097 4⁸.
1813 3041 1850 3097 2
1865 3038 2194 3101 =Bulaeus
2209 3041 2250 3099 l.
2269 3040 2310 3099 l.
2329 3038 2412 3099 VI
2429 3054 2486 3113 p.
2511 3039 2597 3099 54
2617 3038 2708 3099 bis
2725 3041 2818 3100 56.

495 3141 533 3197 3
572 3160 655 3193 --.-.
688 3138 901 3214 Majus,
931 3141 1053 3202 vita
1082 3142 1389 3203 Reuchlini
1415 3159 1473 3217 p.
1511 3144 1639 3203 328
1671 3144 1759 3203 bis
1793 3146 1940 3204 331.

1462 3357 1869 3426 CXXXVIII.

634 3446 912 3513 stuttgart.
2331 3450 2398 3497 27
2437 3447 2564 3499 dan.
2609 3448 2754 3499 1512.

491 3561 545 3637 J
548 3588 821 3636 oannes
875 3561 1244 3637 Reuchlin
1283 3562 1759 3676 mPhorcensis¹
1792 3562 1943 3636 LL.
2003 3563 2280 3637 Doctor
2332 3563 2414 3636 F.
2481 3560 2817 3638 Gunrado

491 3684 793 3781 Kollin,
893 3683 1171 3759 ordinis
1252 3684 1879 3782 Praedicatorum,
1958 3684 2355 3785 theologiae
2436 3684 2818 3787 professori
2938 3708 2940 3731 ³

1274 3804 1610 3883 Goloniae
1668 3806 1741 3883 S.
1803 3808 1872 3881 d.
1931 3820 2007 3908 p.
2041 3812 2071 3861 ⁵

667 3984 995 4067 Pergratae
1069 3983 1362 4067 fuerunt,
1429 3984 1685 4068 egregie
1753 3989 1820 4049 et
1878 3982 2037 4048 mihi
2107 3982 2527 4051 dilectissime
2583 3985 2811 4061 doctor,
2938 4022 2940 4043 ;

490 4086 697 4155 literae
756 4093 887 4154 tuae
920 4088 978 4169 ⁶,
1048 4109 1327 4174 quarum
1380 4089 1569 4156 initio
1631 4108 1870 4155 annum
1915 4090 2194 4157 foelicem
2251 4088 2410 4156 mihi
2468 4095 2652 4175 optas
2700 4086 2811 4153 sed

1647 4253 1682 4291 >k

637 4343 659 4388 1
703 4338 809 4390 Oro
850 4338 1180 4405 obsecroque
1223 4346 1266 4393 1.
1308 4344 1356 4391 2.
1398 4344 1447 4393 3.
1560 4347 1589 4393 2
1630 4305 1922 4395 Hnmilime
1945 4342 2048 4393 def.
2149 4347 2186 4394 ·3
2226 4343 2368 4394 Dum
2407 4345 2494 4395 cui
2533 4340 2668 4409 quod
2689 4337 2811 4389 satis

490 4426 565 4475 sit
601 4430 651 4478 2.
794 4430 829 4475 4
872 4430 933 4477 17
980 4426 1193 4479 kalend.
1243 4428 1399 4481 Febr.
1454 4434 1502 4481 2.
1667 4431 1698 4479 5
1740 4430 1894 4483 Ohne
1943 4428 2222 4494 aufschrifl
2275 4434 2324 4490 2.
2375 4432 2426 4491 3.
2567 4432 2600 4483 6
2631 4428 2808 4487 Isim&

492 4512 618 4588 tuae]
654 4528 777 4572 vom
815 4517 845 4565 2
882 4514 1009 4589 dan.
1051 4516 1184 4579 1512
1224 4516 1361 4582 oben
1396 4532 1508 4570 nro.
1547 4515 1834 4581 CXXXIV.
2185 4548 2188 4553 -
