2950 5042
1298 382 1423 485 ise

198 572 424 639 tionem
468 572 861 658 particulari
904 571 1097 641 modo
1144 570 1440 659 specifice
1487 573 1688 663 latam
1732 573 2068 655 vidissem,
2124 580 2266 641 tum
2321 592 2439 661 ego
2494 574 2518 617 ¹

196 700 319 743 rem
380 698 640 745 omnem
696 684 1007 765 tanquam
1066 679 1494 745 dubitabilem
1555 685 1840 747 tractare
1905 681 2118 765 topico
2180 680 2520 747 rhetorum

196 805 359 849 more
408 783 496 849 ad
540 785 1071 869 persuadendum
1118 792 1273 869 apto
1340 785 1780 852 instituissem.
1877 786 2004 851 Ubi
2063 786 2268 853 omnis
2328 786 2526 851 animi

196 897 401 955 motus
432 911 551 973 pro
582 897 968 973 argumento
1001 891 1145 971 fuit,
1192 890 1327 957 sive
1360 897 1665 957 causaret
1695 892 2168 976 quantamlibet
2213 892 2522 975 suspicio-

192 1018 343 1074 nem,
376 1015 499 1060 seu
534 996 879 1061 violentam
924 995 1447 1063 vehementemve
1482 996 1506 1035 ²
1555 998 2140 1081 praesumptionem,
2187 1004 2304 1062 aut
2335 1002 2514 1063 certe

195 1101 627 1167 necessariam
684 1101 1164 1186 probationem,
1226 1108 1301 1169 ut
1359 1102 1424 1167 in
1472 1101 1897 1167 deliberativo
1967 1102 2226 1168 dicendi
2285 1122 2522 1186 genere

193 1205 323 1273 fieri
344 1205 370 1244 ⁸
419 1208 775 1272 consuevit.
848 1208 921 1273 In
952 1207 1113 1292 ipsis
1146 1216 1366 1273 autem
1398 1209 1845 1291 argumentis*
1885 1207 2164 1273 fortasse
2198 1207 2525 1291 digressus

195 1333 325 1377 sum
373 1312 571 1396 paulo
618 1311 897 1396 amplius
945 1333 1142 1399 quam
1188 1319 1489 1397 oportere
1537 1312 1930 1397 quibusdam
1975 1312 2291 1379 videatur.

360 1418 469 1497 Et,
517 1424 589 1482 ut
632 1439 735 1483 me
782 1418 1271 1515 peregrinorum
1318 1418 1609 1485 cohors⁵
1655 1419 1820 1484 istac
1867 1418 2343 1485 transeuntium
2387 1439 2528 1484 cer-

198 1523 419 1588 tiorem
469 1522 643 1602 facit,
693 1525 827 1606 ego
856 1523 1079 1589 multis
1124 1524 1191 1589 in
1236 1508 1500 1589 civitate
1547 1531 1765 1591 vestra
1795 1524 2138 1590 calumniis
2167 1522 2523 1603 insimulor,

198 1649 345 1713 quas
394 1629 867 1712 Pepericornus
916 1636 983 1695 et
1028 1629 1543 1713 Peperiphrones
1591 1629 1748 1695 mihi
1791 1628 1990 1695 nullis
2045 1630 2206 1695 meis
2253 1649 2528 1694 comme-

198 1735 323 1799 ritis
370 1734 897 1817 praecedentibus
944 1735 1454 1819 circumquaque
1504 1735 1900 1801 cursitantes
1951 1740 2238 1799 struunt.
2331 1736 2530 1799 Acce-

209 1840 281 1905 dit
324 1840 413 1905 ad
465 1839 604 1919 hoc,
655 1840 831 1924 quod
878 1839 1141 1924 quidam
1176 1840 1200 1878 ⁶
1262 1841 1724 1924 spectatissimi
1786 1839 2125 1922 theologiae
2194 1838 2528 1905 candidati

203 1944 491 2011 fortassis
536 1966 703 2029 aegre
752 1945 925 2010 ferre
970 1951 1253 2029 possent,
1300 1966 1402 2010 me
1452 1946 1564 2029 qui
1625 1966 1961 2011 sacrarum
2007 1945 2352 2010 literarum
2399 1943 2529 2011 dis-

203 2052 444 2134 cipulus
492 2072 828 2135 nunquam
872 2051 1124 2131 fuerim,
1172 2050 1496 2116 hominem
1542 2052 1789 2117 scilicet
1836 2052 1976 2135 ejus
2021 2050 2305 2117 scientiae
2350 2051 2531 2135 igna-

201 2176 371 2235 rum,
438 2157 831 2245 autoritates
897 2157 1247 2222 inseruisse
1314 2155 1624 2245 divinas„
1668 2163 1735 2222 et
1782 2162 2186 2228 ,sanctorum
2261 2157 2528 2221 Pati-um

201 2257 562 2327 testimonia
606 2279 648 2325 a
694 2282 795 2326 me
845 2283 973 2327 non
1019 2262 1202 2341 bene,
1249 2268 1323 2327 ut
1368 2263 1574 2347 ajunt,
1620 2262 1969 2327 intellecta.

366 2368 640 2451 Egregie
686 2374 753 2433 et
799 2368 1333 2435 excellentissime
1380 2370 1609 2435 doctor
1656 2374 1722 2433 et
1777 2367 2357 2433 observandissime
2420 2364 2532 2430 do·

202 2473 388 2553 mine,
444 2473 734 2539 adducta
792 2495 911 2557 per
968 2496 1070 2539 me
1144 2496 1384 2541 cernes
1456 2474 1844 2557 theologica,
1916 2473 2084 2539 sicut
2143 2472 2534 2538 rusticorum

205 2580 500 2645 sacerdos
572 2579 639 2644 in
692 2579 1097 2645 sermonibus
1162 2580 1548 2647 medicinam
1611 2580 1893 2661 allegare
1956 2584 2194 2661 posset.
2296 2578 2534 2641 Fateor

204 2685 391 2749 enim:
458 2685 524 2748 in
588 2684 823 2749 scholis
886 2685 1275 2769 theclogiam
1320 2707 1447 2751 non
1504 2686 1526 2725 ⁷
1597 2684 1826 2762 didici,
1894 2681 2020 2769 sed·
2057 2682 2279 2747 civiles
2325 2681 2522 2764 leges,

206 2809 392 2873 quare
425 2795 716 2856 vestram
747 2788 1121 2874 disputandi
1152 2792 1471 2857 rationem
1503 2790 1728 2874 ignoro
1763 2788 1806 2853 ⁸.
1898 2789 2019 2853 Est
2049 2793 2271 2851 autem
2303 2785 2534 2850 nihilo-

205 2894 403 2961 minus
434 2894 595 2960 mihi
624 2913 793 2979 pura
824 2897 1235 2977 conscientia,
1283 2897 1455 2981 quod
1492 2895 1790 2961 voluntas
1835 2914 1980 2959 mea
2019 2914 2146 2958 non
2189 2896 2528 2957 avertatur

207 3020 243 3062 a
265 2998 516 3066 Christo
550 3000 665 3085 qui
696 3008 794 3067 est
824 3008 1022 3085 caput
1054 3002 1359 3068 ecclesiae.
1416 3002 1736 3085 Quicquid
1767 3000 1965 3084 igitur
1997 3003 2224 3065 sancta
2255 2995 2531 3062 ecclesia

210 3126 339 3188 quae
382 3114 484 3173 est
528 3106 828 3172 columna
874 3114 941 3173 et
986 3105 1463 3174 firmamentum
1511 3107 1804 3171 veritatis
1835 3104 2060 3183 credit,
2109 3109 2176 3169 et
2219 3102 2531 3187 qualiter-

211 3230 469 3297 cumque
531 3212 740 3277 credit
784 3214 957 3278 idem
1004 3234 1123 3298 ego
1170 3220 1239 3279 et
1284 3215 1506 3280 taliter
1550 3211 1766 3279 cred0.
1860 3212 1942 3275 Et
1999 3210 2170 3277 sicut
2226 3211 2370 3293 ipsa
2415 3230 2527 3273 ex-

210 3318 374 3397 ponit
427 3339 684 3384 sacram
742 3319 1158 3402 scripturam,
1215 3320 1314 3385 ita
1376 3342 1492 3403 ego
1553 3317 1999 3403 exponendam
2046 3337 2276 3381 censeo
2325 3321 2528 3397 atque

210 3421 519 3489 confiteor.
610 3424 696 3489 Et
742 3424 793 3487 si
840 3445 1119 3509 usquam
1153 3424 1177 3463 ⁹
1224 3426 1417 3491 aliter
1464 3424 1936 3508 exposuissem,
2006 3442 2202 3506 quam
2247 3420 2536 3504 patiatur

209 3526 562 3595 intellectus
610 3530 914 3609 ecclesiae,
963 3530 1139 3615 quod
1184 3537 1402 3598 tamen
1449 3530 1679 3595 fecisse
1728 3550 1828 3593 me
1877 3547 2002 3591 non
2067 3525 2358 3601 memini,
2417 3544 2534 3605 ego

208 3654 309 3715 pro
352 3655 522 3700 nunc
571 3637 739 3699 sicut
784 3657 902 3719 pro
950 3643 1105 3701 tunc
1153 3644 1218 3701 et
1249 3643 1403 3703 tunc
1436 3638 1607 3701 sicut
1637 3656 1757 3720 pro
1818 3654 1987 3697 nunc
2017 3631 2183 3696 illud
2213 3628 2537 3711 corrigere

210 3757 277 3802 ac
327 3741 674 3806 emendare
735 3747 1005 3825 paratus
1064 3762 1239 3821 sum,
1307 3748 1374 3806 et
1434 3748 1613 3807 stare
1674 3740 1930 3806 omnino
2007 3734 2532 3801 determinationi

212 3845 507 3925 ecelesiae,
573 3853 648 3911 ut
691 3846 1136 3931 integritatem
1190 3848 1256 3912 in
1314 3869 1415 3911 me
1477 3868 1663 3911 suam
1699 3846 1752 3884 ¹⁰
1809 3844 1970 3908 fides
2027 3839 2535 3906 incontaminata

214 3952 538 4019 custodiat.
634 3953 764 4018 Oro
826 3954 1051 4038 igitur,
1134 3954 1670 4038 praestantissime
1731 3940 1988 4029 doctor,
2060 3954 2153 4028 ut,
2215 3946 2267 4011 si
2333 3964 2531 4028 quen-

1352 4083 1387 4121 ³1⁸

342 4179 363 4223 1
406 4175 517 4240 Ego
544 4176 653 4240 ipse
682 4178 730 4225 2.
869 4178 897 4223 2
944 4174 1312 4223 Vehementem
1344 4171 1696 4221 violentamve
1715 4174 1762 4219 2.
1881 4173 1910 4219 3
1954 4168 2091 4218 Fieri
2120 4165 2462 4232 ausgelassen
2488 4168 2537 4215 2.

213 4260 241 4305 4
274 4258 368 4309 Die
404 4269 715 4328 argumenta
753 4276 869 4328 quae
908 4267 1129 4328 possunt
1153 4260 1475 4311 scholastice
1502 4261 1553 4307 in
1581 4259 1898 4309 contrarium
1928 4256 2121 4321 objici:
2163 4252 2540 4319 augenspiegel

213 4344 326 4397 XXI
350 4346 429 4401 bis
456 4350 686 4401 XXXII&
783 4351 815 4398 5
841 4350 983 4398 Istae
1006 4352 1385 4399 transeuntium
1412 4350 1602 4399 cohors
1633 4352 1680 4396 2.
1773 4349 1802 4396 6
1831 4345 2218 4412 Spectatissimi
2244 4341 2458 4408 quidam
2490 4347 2540 4393 2.

216 4438 241 4483 7
280 4438 543 4505 Nunquam
596 4443 643 4490 2.
789 4439 823 4486 8
862 4438 1033 4499 Quare
1085 4438 1236 4497 datur
1275 4474 1289 4490 .
1328 4473 1343 4487 .
1384 4472 1398 4489 .
1448 4436 1694 4510 ignorare
1745 4438 1795 4489 2.
1953 4435 1984 4489 9
2027 4431 2146 4486 Ullo
2204 4438 2438 4501 tempore
2490 4433 2539 4481 2.

222 4526 279 4575 10
314 4526 461 4581 Suam
484 4525 829 4596 ausgelassen
856 4530 902 4578 2.
