2950 5042
1547 417 1680 483 340

1577 1161 1661 1228 1⁸.

596 1267 767 1318 Basel.
2567 1271 2707 1316 1477.

798 1371 1055 1448 Oratio
1112 1371 1611 1476 probatissimi
1669 1371 1720 1448 J
1726 1374 1990 1447 oannis
2045 1373 2438 1447 Rcuchlin.

628 1560 694 1628 Si
742 1561 885 1646 quis
916 1569 1222 1642 vestrum,
1270 1563 1498 1646 optimi
1537 1561 2070 1646 celeberrimique
2103 1561 2242 1640 viri,
2291 1561 2589 1638 miratur,
2632 1558 2768 1644 quid

439 1665 535 1732 -sit
579 1667 754 1752 quod
799 1668 864 1732 in
912 1675 1045 1732 tam
1096 1668 1509 1734 ornatissimo
1551 1688 1858 1733 consessu
1905 1667 2414 1732 clarissimorum
2463 1665 2768 1732 hominum

448 1771 750 1857 illepidus
798 1795 915 1858 ego
962 1774 1139 1840 velut
1177 1775 1197 1812 ¹
1245 1773 1548 1840 balbidus
1579 1773 1890 1858 trepidus,
1923 1772 2100 1839 velut
2146 1772 2359 1837 infans
2391 1773 2606 1838 ausim
2648 1791 2772 1835 ora-

450 1878 693 1944 tionem
738 1879 820 1944 de
868 1880 1105 1945 nostris
1162 1878 1740 1946 baccalaureandis
1797 1878 1884 1943 ad
1949 1899 2060 1944 vos
2123 1877 2421 1962 perferre
2470 1877 2496 1916 ²
2556 1898 2630 1942 ac
2671 1896 2771 1941 cur

448 2005 576 2050 non
630 1985 855 2069 pocius
920 1985 1041 2050 hoc
1102 2007 1265 2052 onus
1312 1984 1569 2050 dicendi
1625 1983 2074 2050 colendissimo
2119 1983 2436 2067 magistro
2471 1981 2498 2022 ³
2543 1981 2764 2050 ‚Iacobo

450 2089 708 2173 Hugoni
780 2090 1139 2156 institutori
1212 2112 1357 2157 meo
1422 2089 1777 2155 venerabili
1823 2091 1852 2128 ⁴
1911 2089 2330 2174 reliquerim?
2392 2112 2437 2155 a
2485 2111 2612 2174 quo
2657 2109 2768 2154 sus-

450 2197 593 2279 cepi
640 2196 1067 2261 Memoretum
1111 2196 1281 2262 idem
1330 2202 1398 2262 et
1446 2197 1918 2275 Demostenem,
1967 2196 2030 2260 in
2078 2195 2291 2261 forum
2330 2195 2631 2279 judiciali
2673 2214 2764 2259 sae-

449 2302 598 2385 pius
653 2322 799 2367 cum
848 2303 1021 2366 omni
1081 2301 1352 2368 ridiculo
1405 2303 1543 2386 jam
1590 2301 1850 2368 illusum
1904 2303 2036 2387 jam
2091 2303 2536 2385 vituperatum
2595 2299 2762 2365 verba

450 2406 798 2474 contulisse
857 2429 983 2492 quo
1031 2407 1233 2492 magis
1291 2413 1358 2473 et
1403 2407 1774 2474 facundiam
1837 2417 1904 2473 et
1950 2408 2207 2473 dicendi
2252 2407 2602 2474 audaciam
2646 2425 2765 2472 con·
2911 2409 2913 2497 J

449 2517 850 2598 sequeretur.

624 2620 746 2684 Est
805 2625 1128 2704 praeterea
1188 2621 1252 2685 in
1312 2621 1433 2688 hoc
1499 2643 1662 2688 novo
1725 2621 1981 2687 dicendi
2042 2642 2308 2687 munere
2368 2643 2578 2687 causa
2632 2616 2767 2683 mihi

450 2725 672 2791 oblata
717 2725 969 2792 facilior
1002 2727 1027 2764 ⁵
1074 2748 1202 2791 non
1268 2733 1526 2792 tantum
1591 2727 1674 2793 ob
1739 2747 1849 2794 eas
1906 2747 2218 2812 personas
2265 2726 2343 2791 de
2393 2726 2631 2811 quibus
2673 2720 2770 2788 sed
2909 2749 2911 2863 p

447 2836 516 2896 et
559 2851 780 2897 coram
845 2833 1078 2916 quibus
1139 2832 1339 2898 verba
1416 2855 1560 2898 sum
1617 2840 1966 2917 utrumque
2026 2832 2337 2898 facturus.
2435 2829 2767 2898 Dicendum

447 2943 550 3002 est
594 2937 760 3002 enim
809 2943 948 3003 tum
979 2938 1059 3003 de
1092 2938 1393 3004 laudibus
1425 2938 2131 3005 baccalaureandorum
2163 2940 2606 3023 praesentium,
2649 2943 2766 2999 tum

447 3042 622 3127 apud
669 3064 811 3121 vos,
866 3043 1157 3127 inquam,
1215 3044 1712 3111 humanissimos
1771 3045 2388 3129 benignissimosque
2459 3045 2657 3120 viros,
2714 3039 2768 3103 in

450 3170 577 3234 quo
649 3147 805 3212 mihi
851 3170 974 3214 non
1024 3155 1157 3214 tam
1212 3150 1721 3235 multiplicandae
1781 3151 2092 3217 orationis
2140 3173 2332 3236 quam
2397 3149 2766 3230 restringen·
2907 3119 2909 3229 l

448 3255 547 3320 dae
595 3255 620 3292 ⁶
665 3254 894 3320 modus
941 3255 1371 3339 exquirendus
1420 3262 1539 3322 est.
1632 3257 1862 3342 Itaque
1915 3257 2200 3322 breviter
2245 3263 2320 3322 ut
2367 3256 2543 3322 unde
2589 3271 2766 3318 causa

446 3359 841 3427 laudationis
895 3361 1047 3428 inde
1095 3371 1161 3427 et
1217 3363 1529 3429 orationis
1591 3362 2054 3447 proficiscatur.
2151 3363 2457 3428 Veterum
2508 3358 2765 3445 philoso-

446 3465 719 3549 phorum
769 3468 1087 3533 unanimis
1136 3475 1235 3533 est
1280 3489 1629 3534 consensus
1663 3469 1964 3548 omnium,
2013 3468 2285 3533 arduam
2332 3489 2478 3533 esse
2527 3461 2759 3530 virtutis
2905 3499 2907 3597 ⁴

446 3572 611 3637 viam
655 3571 1107 3658 difficilemque
1156 3595 1230 3639 ac
1276 3573 1674 3640 laboriosum
1721 3573 1970 3640 aditum
2013 3572 2098 3640 ad
2157 3573 2585 3657 probitatem3
2633 3587 2762 3633 con-

444 3686 552 3745 tra
605 3702 757 3746 vero
803 3679 1149 3764 proclivem
1195 3681 1262 3744 in
1332 3680 1490 3745 vitia
1549 3681 1802 3746 ruinam
1846 3679 2352 3763 facillimumque
2401 3679 2598 3757 factu,
2642 3692 2762 3740 sese

447 3785 705 3869 flagitiis
746 3784 1146 3869 immergere.
2904 3849 2905 3858 ,

621 3893 760 3958 Hoc
806 3891 981 3979 apud
1022 3893 1364 3960 Maronem
1412 3901 1479 3960 et
1541 3894 1869 3979 eleganter
1917 3898 1983 3958 et
2027 3891 2351 3977 platonice
2401 3889 2626 3956 Sibilla
2669 3885 2754 3951 his
2903 3871 2905 3963 Ι

444 3997 738 4066 versibus
786 3998 1112 4065 concinnit
1145 3999 1196 4063 ⁷:

1593 4149 1628 4192 ιι

590 4262 610 4308 1
655 4241 830 4310 V‘elud
855 4273 1006 4311 mser.
1156 4265 1184 4311 2
1228 4261 1295 4312 So
1324 4277 1477 4312 mscr.
1628 4266 1657 4311 3
1697 4261 1850 4329 Mrgo
1877 4276 2033 4313 mser.
2182 4266 2214 4312 4
2252 4223 2584 4312 Venerabilis
2621 4265 2754 4305 mecr-
2901 4257 2903 4329 l

440 4344 524 4396 bis
564 4361 628 4396 zu
666 4346 862 4398 diesem
906 4357 1064 4398 worte
1106 4365 1206 4399 von
1246 4350 1443 4416 anfang
1481 4366 1546 4400 an
1587 4350 1992 4401 untcrstrichen.
2140 4346 2172 4400 5
2213 4350 2282 4400 So
2325 4363 2503 4411 macr„
2541 4343 2637 4396 soll
2674 4337 2754 4389 wo!

442 4433 682 4484 heissenz
723 4434 1003 4487 difficilior.
1149 4438 1180 4487 6
1218 4437 1617 4504 Restringendi:
1659 4453 1812 4490 mser.
1961 4443 1988 4488 7
2035 4437 2133 4490 Die
2173 4437 2454 4503 folgenden
2495 4448 2663 4494 verse,
2694 4428 2754 4476 im

444 4535 597 4574 mscr.
636 4521 783 4574 nicht
820 4523 1129 4592 abgetbeilt,
1170 4526 1285 4577 roth
1325 4527 1729 4579 antei-strichen.
