2950 5042
1279 416 1397 483 121

214 603 269 667 in
308 602 631 687 procinctu
678 604 1047 691 scripsimus
1088 611 1155 673 et
1186 606 1451 692 quidem
1483 607 1980 693 occupatissimi.
2039 608 2208 676 Nam
2239 609 2510 677 Romam

212 709 529 775 avolamus,
626 711 806 790 Quod
884 712 1125 779 attinet
1190 713 1275 779 ad
1348 712 1697 781 editionem
1777 734 2046 801 operum
2115 717 2510 801 Hieronymi,

212 804 436 880 tantum
490 815 682 881 abest
736 823 809 883 ut
866 818 966 883 vel
1028 818 1233 903 pilum
1278 826 1542 885 tuorum
1589 820 1884 886 laborum
1931 827 2048 887 aut
2091 821 2309 906 glorioe
2353 822 2511 888 mihi
2591 804 2606 817 ’

214 920 379 986 velim
436 920 791 1003 vindicare,
846 929 923 989 ut
982 925 1173 990 citius
1218 924 1469 1011 aliquid
1527 924 1608 991 de
1653 947 1758 991 me
1803 926 1870 991 in
1916 932 1982 991 te
2026 925 2509 993 transfuderim.

212 1026 349 1091 Cum
391 1048 537 1093 enm
584 1028 877 1095 laborem
924 1032 1337 1115 susciperem,
1383 1030 1763 1115 ignorabam
1794 1038 1861 1097 te
1891 1033 1958 1097 in
1991 1032 2218 1098 eodem
2249 1034 2510 1099 versari.

210 1134 559 1217 Quanquam
604 1156 732 1201 non
776 1136 1027 1220 agimus
1070 1135 1261 1201 idem.
1354 1137 1449 1203 De
1481 1135 1820 1203 Hebraicis
1851 1136 2058 1203 literis
2091 1138 2248 1203 nihil
2277 1156 2508 1223 arrogo

211 1238 343 1303 mihi
401 1260 565 1324 quas
627 1240 1021 1325 primoribus
1100 1242 1419 1308 duntaxat
1488 1243 1742 1326 gustavi
1809 1241 2031 1309 labris.
2121 1244 2194 1309 In
2263 1243 2513 1310 summa

211 1344 444 1410 dabitur
500 1362 625 1411 sna
684 1347 919 1431 cuique
974 1347 1116 1413 laus
1172 1347 1370 1433 idque
1426 1346 1904 1415 candidissime.
1997 1348 2172 1415 Bene
2227 1350 2386 1431 vale,
2443 1356 2513 1415 et

208 1450 515 1517 Erasmum
562 1453 630 1517 in
679 1473 904 1518 eorum
950 1453 1309 1519 adscribito
1354 1474 1714 1535 numerum,
1760 1455 1873 1540 qui
1920 1460 2034 1521 tuo
2074 1456 2316 1521 nomini
2359 1476 2510 1522 vere

210 1561 261 1620 et
298 1579 369 1622 ex
416 1557 637 1623 animo
684 1558 919 1623 faveat.
1013 1558 1156 1624 Kal.
1206 1558 1480 1625 Martias
1514 1560 1554 1625 ².

354 1666 661 1729 Gedruckt
692 1690 777 1723 ..τ-
808 1668 847 1729 J
852 1715 865 1728 .
898 1684 954 1729 v.
988 1684 1039 1729 e.
1074 1684 1103 1727 s
1132 1670 1247 1727 iii·-
1270 1664 1324 1727 b,

1226 1877 1449 1945 CXIV.

317 1983 620 2050 Tiibingen.
1991 1986 2058 2035 2ss
2097 1984 2244 2035 Mara
2287 1984 2441 2035 1610.

206 2085 432 2161 Demm
468 2112 807 2162 ersamen
843 2086 1225 2163 redlichen
1252 2087 1461 2163 unnd
1489 2088 1914 2186 uffrechten,
1957 2089 2232 2165 minem
2262 2087 2510 2164 lieben

200 2210 377 2285 unn‘d
412 2223 677 2311 gutten
715 2210 962 2307 friind,
1006 2212 1302 2285 maister
1323 2210 1684 2286 Hannsen
1703 2211 2206 2289 Ammerbach
2241 2212 2512 2313 burger

202 2359 274 2406 zu
304 2332 525 2408 Base]
564 2318 771 2408 unnd
815 2315 1307 2409 buchtruckei·
1346 2334 1426 2439 [J
1429 2360 1704 2410 oannes
1739 2334 2136 2439 Reuchlin]
2175 2336 2249 2412 S.
2290 2336 2380 2411 D.
2421 2336 2506 2410 P.

353 2498 566 2576 Quam
612 2498 889 2564 maxime
934 2518 1239 2582 cuperem
1284 2500 1350 2565 in
1382 2500 1654 2584 gloriam
1688 2500 1748 2567 S.
1781 2501 2158 2585 Hieronymi
2190 2501 2216 2541 ²
2259 2520 2507 2567 morem

200 2607 309 2667 tuae
350 2604 375 2641 ³
421 2626 654 2687 gerere
701 2603 1021 2671 voluntati
1067 2611 1134 2670 et
1179 2606 1459 2673 fortasse
1515 2626 1773 2689 possem
1820 2606 2108 2690 quidem,
2163 2606 2222 2673 si
2265 2611 2511 2671 temere

198 2708 407 2774 vellem
454 2716 693 2779 cuncta
738 2710 875 2776 niti.
970 2712 1089 2777 Est
1134 2731 1285 2777 vero
1330 2712 1607 2777 arduum
1667 2717 1735 2777 et
1788 2711 2042 2777 difficile
2096 2711 2314 2791 nimis,
2362 2710 2514 2776 Hie-

198 2833 515 2899 ronymum
539 2866 555 2895 ,
620 2822 696 2881 ut
740 2816 965 2897 decet,
1030 2822 1406 2898 restaurare
1451 2838 1529 2883 ac
1573 2817 1704 2883 luci
1749 2816 2058 2897 reddere,
2121 2817 2330 2882 virum
2373 2822 2512 2882 tam

200 2940 266 2983 ex
306 2922 501 2987 variis
546 2920 783 3005 linguis
829 2929 1027 3006 atque
1072 2922 1256 2988 libris
1303 2928 1686 2989 ornamenta
1730 2943 1849 2989 sua
1893 2928 2184 3002 nactum,
2241 2942 2512 3006 praeser-

198 3025 299 3091 tim
340 3027 587 3093 homini
634 3028 735 3093 vel
783 3050 1005 3105 eorum
1049 3029 1362 3095 nescienti
1409 3029 1508 3094 vel
1555 3029 1928 3095 eorumdem
1975 3028 2205 3113 egenti.
2280 3029 2512 3107 Quam-

202 3152 375 3214 quam
424 3133 599 3199 enim
628 3132 837 3199 habeo
869 3133 1073 3200 libros
1120 3156 1315 3219 quam
1347 3134 1658 3219 plurimos
1687 3134 1755 3201 in
1787 3155 2039 3201 omnem
2072 3135 2258 3220 quasi
2289 3134 2512 3201 Protei

1338 3288 1373 3328 δὲ

326 3382 347 3428 1
392 3378 485 3427 Ich
544 3377 681 3429 habe
729 3377 828 3427 den
877 3378 1022 3428 brief
1066 3378 1149 3427 ins
1189 3377 1315 3441 jabr
1361 3380 1492 3430 1510
1532 3382 1760 3443 gesem,
1811 3392 1994 3443 wegen
2047 3376 2138 3429 der
2189 3377 2344 3430 stelle
2380 3378 2512 3429 iiber

204 3464 555 3531 Hieronymus.
640 3466 757 3531 Vgl.
810 3467 895 3517 die
950 3467 1321 3533 aufforderung
1373 3466 1464 3517 des
1513 3465 1641 3517 Joh.
1694 3465 1994 3517 Amorbaeh
2043 3482 2110 3517 an
2160 3469 2220 3517 R.
2269 3472 2333 3517 27
2381 3469 2511 3518 Juni

206 3554 316 3604 1509
364 3572 432 3607 an
480 3555 755 3609 dei-selben
807 3554 1246 3607 theilzunehmen.
1324 3554 1554 3605 Freilich
1599 3555 1716 3604 sind
1761 3555 2001 3607 dadurch
2047 3555 2132 3605 die
2179 3555 2514 3621 chronologi·

110 3706 115 3709 Ι
203 3642 341 3692 schen
386 3644 856 3708 schwierigkeiten
904 3644 1049 3694 nieht
1099 3644 1355 3711 gehobeu.
1437 3644 1686 3693 Erasmus
1737 3642 2103 3695 freundsehaft
2151 3645 2246 3693 mit
2294 3644 2513 3695 Fischer

204 3728 397 3795 beginnt
444 3734 579 3782 1506
620 3733 967 3795 (Di-ummond
1006 3734 1046 3795 Ι,
1093 3734 1207 3794 149,
1254 3734 1390 3797 150),
1438 3732 1492 3780 in
1541 3747 1782 3781 unserem
1817 3732 1960 3784 brief
1999 3732 2264 3783 erscheint
2309 3732 2386 3782 sie
2423 3732 2514 3781 be-

160 3858 167 3863 .
201 3818 305 3868 reits
342 3820 421 3869 als
464 3818 587 3869 sehr
623 3820 748 3889 fest3
802 3821 1037 3887 dagegen
1075 3822 1145 3869 ist
1182 3820 1295 3870 Ena
1330 3819 1660 3872 italienische
1697 3821 1832 3872 reise
1877 3820 2008 3871 1506
2047 3820 2352 3886 begonnen,
2397 3821 2511 3870 sein

203 3908 473 3959 aufenthalt
508 3909 563 3957 in
606 3908 733 3957 Rom
780 3910 930 3970 1509,
974 3907 1081 3958 und
1116 3908 1299 3959 beides
1338 3910 1546 3959 sebeint
1589 3912 1642 3959 in
1682 3924 1922 3959 unserem
1962 3910 2128 3960 briefe
2175 3909 2256 3959 als
2298 3909 2512 3975 kiinftig

202 3990 479 4047 benachtet
530 4013 594 4047 zu
646 3996 869 4046 werden.
946 3998 1047 4047 Die
1092 3998 1399 4065 andeutung·
1452 3999 1544 4049 der
1583 3998 2180 4064 Hieronymusausgabe
2230 3998 2364 4049 lasst
2412 4014 2512 4048 uns

201 4082 327 4134 nicht
362 4084 527 4135 heber
565 4084 754 4134 hinauf
786 4087 865 4135 als
910 4089 1068 4147 15093
1114 4086 1208 4136 das
1247 4088 1422 4137 fehlen
1454 4088 1606 4152 jeder
1643 4088 1972 4153 hemerkung
2006 4087 2136 4138 iiber
2173 4087 2273 4138 den
2308 4088 2514 4137 Reueh-

204 4167 421 4223 linscben
472 4174 622 4224 streit
668 4174 819 4224 nicht
866 4170 1229 4226 tiefcr’hinab
1281 4176 1359 4225 als
1403 4177 1537 4226 1510
1586 4176 1741 4241 gehn.
1819 4178 1926 4225 Der
1962 4173 2126 4239 brief,
2177 4176 2372 4225 ebenso
2414 4177 2511 4225 wie

205 4254 280 4307 der
316 4260 585 4324 Fischers,
624 4278 719 4312 aus
757 4262 872 4313 dem
911 4264 1100 4313 stiicke
1139 4264 1642 4328 mitgetheiltsind,
1681 4264 1819 4315 fehlt
1853 4264 2105 4329 iibrigens
2143 4265 2196 4313 in
2234 4263 2377 4314 allen
2415 4265 2514 4314 mir
2622 4280 2624 4283 ’

205 4342 484 4401 bekannten
538 4350 809 4417 ausgaben
871 4352 960 4402 der
1010 4352 1380 4403 Erasmischen
1434 4351 1890 4419 briefsammlung.
2074 4356 2102 4401 2
2153 4352 2276 4417 vgl.
2333 4356 2512 4404 Amer-

209 4431 353 4486 bachs
385 4438 525 4489 brief
558 4444 622 4489 27
650 4439 785 4489 «Iuni
816 4442 975 4501 15093
1014 4440 1149 4491 doeh
1189 4440 1365 4491 fehlen
1407 4439 1549 4491 wohl
1587 4442 1850 4492 zwischen
1889 4441 2084 4490 diesem
2125 4439 2232 4491 und
2271 4456 2510 4491 unsel-em

207 4518 328 4579 brief
356 4526 529 4594 cinige
564 4528 771 4582 stiicke.
884 4532 913 4583 3
950 4529 1074 4599 tuae]
1111 4535 1238 4581 statt
1274 4530 1459 4581 dassen
1491 4529 1637 4583 hatte
1673 4532 1732 4584 R.
1771 4536 1876 4581 erat
1911 4529 2284 4597 gesehrieben:
2321 4536 2508 4581 vestre.
