2950 5042
1561 401 1644 469 88

434 593 692 683 cor-{dite
734 598 955 660 comitis
998 596 1371 672 epistolarum
1416 596 1552 657 libri
1593 602 1837 671 quatuor
1875 591 1882 679 Ι
1917 596 1983 656 Ο.
2020 596 2086 656 Ο.
2121 614 2177 656 u.
2208 596 2265 657 J.
2301 571 2626 675 (jedenfall's
2661 613 2760 655 vor

442 702 639 781 1514)
670 706 750 764 kl.
784 702 884 765 fol.
918 704 967 762 B
1005 705 1105 778 6⁸3
1158 706 1194 763 2
1230 702 1407 763 ··..=:.C.
1443 721 1496 763 v.
1534 720 1584 763 e.
1619 704 1658 763 b
1693 707 1795 777 3⁸3
1849 706 1883 763 3
1923 724 2005 757 τε
2036 704 2092 764 J.
2127 722 2179 763 v.
2215 720 2265 763 e.
2297 699 2473 779 b8·b;
2525 707 2565 762 4
2591 702 2757 762 ΞΟ.

436 832 490 873 v.
524 829 576 873 e.
606 811 667 871 11
696 810 798 871 fol.
836 805 967 870 78¹0.

1403 928 1812 994 LXXXXIV.

582 1018 857 1085 stuttgart.
2265 1022 2332 1068 24
2349 1034 2351 1037 ⁴
2372 1020 2498 1069 Dec.
2546 1018 2696 1068 1505.

848 1105 901 1180 J
905 1104 1235 1179 ohannes
1270 1104 1640 1209 Reuchlin
1677 1132 1776 1179 an
1815 1106 2029 1180 einen
2066 1106 2217 1181 adli
2223 1134 2368 1207 gen

450 1237 764 1319 „missive,
809 1236 1097 1302 warumb
1144 1236 1248 1302 die
1287 1234 1493 1320 juden
1538 1258 1610 1304 so
1657 1235 1808 1321 lang
1851 1237 1938 1301 im
1987 1236 2206 1303 ellend
2235 1237 2442 1304 sind“.
2534 1239 2773 1303 Datum

442 1344 553 1409 inn
618 1341 1003 1429 wyhenacht
1066 1341 1398 1427 fyertagen
1452 1365 1531 1407 zu
1597 1341 1805 1407 einem
1869 1346 2066 1427 guten
2137 1344 2376 1428 seligen
2435 1344 2562 1428 jar.
2675 1341 2775 1407 Ad

445 1470 684 1516 annum
734 1449 967 1513 15o5“.

624 1557 943 1619 Gedruckt:
992 1562 1022 1616 1
1066 1580 1149 1611 =
1182 1558 1389 1618 Porzh.
1431 1558 1620 1633 1505,
1661 1560 1696 1616 5
1729 1558 1827 1617 bll.
1862 1559 1922 1617 in
1955 1556 2060 1631 403
2111 1563 2147 1618 2
2185 1580 2268 1611 =
2298 1558 2558 1632 Bocking
2589 1557 2779 1631 Opera

449 1666 718 1739 Hutteni,
767 1665 1265 1739 supplementum,
1312 1663 1411 1725 fol.
1454 1665 1486 1723 I
1529 1680 1575 1722 s,
1629 1667 1750 1724 177
1803 1664 1890 1723 bis
1945 1667 2067 1723 179
2118 1664 2246 1741 (mit
2289 1665 2631 1739 auslassung
2680 1662 2780 1725 der

448 1772 637 1833 vielen
665 1770 1041 1831 hebraischen
1072 1771 1279 1831 stellen
1305 1771 1423 1831 und
1456 1771 1636 1833 deren
1669 1768 2071 1845 ubersetzung)
2096 1766 2137 1830 ¹.

1436 1960 1813 2027 LXXXXV.
2417 1980 2428 1985 “

598 2050 919 2117 (stuttgart.)
2305 2053 2332 2098 7
2373 2049 2518 2099 Merz
2563 2050 2716 2099 1506.

453 2140 506 2215 J
510 2167 576 2213 0.
606 2137 975 2213 Reuchlin
1001 2137 1439 2213 Phorcensis
1466 2138 1619 2213 LL.
1654 2139 1836 2213 Doc.
1877 2136 1978 2211 ad
2009 2137 2449 2237 Dionysium
2486 2136 2786 2211 fratrem

456 2288 669 2339 suum
704 2288 1141 2362 germanum
1189 2261 1279 2336 de
1314 2261 1777 2337 Rudimentis
1815 2261 2201 2337 Hebraicis
2252 2260 2442 2335 liber
2477 2261 2782 2361 primae.

634 2419 934 2503 Persaepe
988 2416 1148 2482 mihi
1194 2418 1506 2501 cogitanti
1551 2418 1632 2483 de
1681 2417 2002 2482 communi
2064 2438 2398 2482 sacrarum
2441 2416 2786 2481 literarum

450 2524 713 2611 jactura
730 2574 746 2606 ‚
806 2523 1074 2608 Dionysi
1128 2522 1336 2590 frater
1355 2574 1371 2607 ‚
1442 2546 1586 2611 quae
1643 2545 1788 2591 cum
1845 2523 2260 2589 multitudine
2319 2521 2792 2607 sophismatum

1591 2658 1630 2695 κ’

458 2728 561 2785 Am
598 2732 753 2785 ende:
792 2734 1069 2801 Tubingae
1106 2736 1163 2785 in
1201 2734 1421 2787 aedibus
1446 2737 1684 2788 Thomae
1717 2734 1994 2787 Anshelmi
2025 2735 2034 2801 Ι
2067 2733 2338 2808 Βαᾶθῐιείε.
2366 2734 2580 2797 MDXII
2615 2749 2819 2785 mense-

458 2820 630 2873 sulio.
675 2822 684 2889 Ι
718 2826 785 2873 80
827 2823 921 2875 bll.
967 2824 1021 2873 in
1061 2826 1137 2874 40.
1177 2823 1271 2875 fol.
1305 2825 1532 2875 vanb
1582 2824 1819 2875 bemerkt
1856 2824 2068 2891 Spiegel
2123 2839 2186 2872 zu
2227 2821 2474 2888 Phorcin]
2516 2823 2635 2873 Hoc
2674 2822 2792 2873 loco

460 2910 980 2962 animadvertendum
1018 2912 1156 2977 quod
1194 2918 1377 2963 auctor
1412 2915 1714 2966 meminisse
1751 2914 1882 2963 velit
1919 2906 2203 2979 Capnionis
2243 2911 2400 2961 Suevi
2439 2926 2592 2975 quem
2632 2911 2796 2976 vulgo

459 2998 733 3049 nominant
768 2998 1069 3050 «Iohannem
1106 3000 1364 3051 Reuchlin
1397 3002 1768 3065 Phorcensem‚
1809 3002 1955 3066 cujus
1995 3016 2204 3067 quoque
2241 3002 2295 3050 in
2335 3000 2456 3050 aliia
2493 3000 2607 3049 suia
2643 3000 2796 3052 libris

460 3086 805 3137 honorificam
840 3103 979 3154 saepe
1014 3090 1333 3141 mentionem
1369 3089 1527 3141 fecit.
1551 3129 1563 3142 .
1587 3128 1598 3141 .
1635 3092 1763 3155 quia
1801 3106 1922 3141 vero
1952 3090 2188 3155 Capnion
2227 3090 2340 3139 sive
2361 3087 2622 3138 Reuchlin
2659 3090 2797 3137 inter

462 3172 569 3222 alia
603 3188 703 3224 sua
740 3190 898 3240 opera
933 3183 1039 3227 tres
1076 3176 1241 3228 libros
1280 3179 1588 3244 composuit,
1628 3178 1690 3229 de
1731 3178 1891 3230 verbo
1930 3178 2152 3228 mirifico
2192 3176 2480 3227 secundum
2517 3177 2623 3225 tria
2671 3178 2796 3244 dog·

462 3267 625 3324 mata,
664 3263 872 3314 scilicet
910 3265 1370 3332 philosophorum,
1422 3246 1747 3317 «Iudaeorum
1788 3272 1838 3316 et
1875 3266 2314 3326 christianorum,
2361 3264 2453 3315 ubi
2492 3267 2797 3315 continetur

464 3366 651 3401 nomen
702 3367 908 3402 sacrum
960 3353 1015 3403 id
1068 3360 1147 3404 est
1194 3360 1658 3422 tetragrammaton
1694 3354 1986 3417 ineffabile,
2039 3355 2163 3419 quin
2214 3352 2387 3420 potius
2438 3359 2796 3419 pentragram·

463 3444 641 3490 maten
682 3439 907 3493 effabile.
978 3443 1183 3494 Iccirco
1219 3443 1346 3495 dicit
1384 3451 1566 3495 auctor
1604 3443 1743 3509 quod
1781 3444 2008 3494 Phorcin
2043 3444 2164 3505 ille,
2217 3442 2321 3493 hoc
2361 3447 2440 3491 est
2473 3441 2796 3493 Phor-censis

462 3528 678 3579 natione
716 3530 1011 3581 Germanus
1049 3536 1101 3581 et
1145 3531 1275 3583 latia
1322 3534 1508 3599 lingua
1558 3533 1805 3595 donatus,
1842 3531 2187 3583 celebraverit
2232 3546 2422 3581 nomen
2460 3545 2674 3581 sacrum
2710 3532 2796 3581 tri-

464 3616 594 3682 plici
633 3616 943 3683 dogmate..
964 3658 975 3671 .
1014 3618 1121 3678 und
1158 3636 1223 3671 zu
1259 3621 1457 3687 triplici
1492 3620 1734 3687 dogmate
1762 3620 1872 3686 (fol.
1901 3617 2262 3684 XLv111b)de
2298 3620 2454 3669 trium
2492 3618 2796 3684 linguarum

464 3703 617 3755 libris
671 3707 989 3758 scaturiente
1039 3709 1131 3759 sci.
1184 3712 1390 3774 graecis
1451 3709 1716 3761 hebraicis
1769 3714 1821 3759 et
1867 3708 2070 3757 latinis.
2145 3706 2236 3757 hic
2281 3712 2360 3756 est
2413 3705 2506 3755 ille
2557 3706 2797 3774 capnion

465 3794 557 3859 qui
593 3801 775 3845 nostra
822 3801 993 3849 aetate
1036 3797 1095 3847 in
1145 3778 1469 3864 germaniam
1505 3799 1706 3865 primus
1745 3796 1922 3848 attulit
1959 3811 2180 3862 graecae
2219 3799 2374 3860 atque
2410 3792 2663 3846 hebraice
2703 3797 2798 3846 lin-

465 3896 602 3949 guae
638 3881 959 3936 scholastica
994 3885 1337 3937 fundamenta
1385 3880 1787 3953 praeceptaque.
1863 3884 2191 3955 Scinerseite·
2222 3882 2400 3933 wurde
2451 3883 2586 3933 auch
2627 3884 2797 3934 Pikus

466 3986 569 4019 von
620 3970 880 4022 Reuchlin
938 3974 1185 4028 erhoben.
1257 3976 1318 4024 In
1374 3974 1465 4025 des
1521 3974 1770 4025 letzteren
1825 3974 2095 4024 Deffensio
2149 3976 2330 4022 contra
2383 3972 2797 4023 calumniatores

468 4058 814 4112 colonienses
856 4062 990 4112 1513
1030 4064 1111 4113 Ha
1146 4063 1313 4114 heisst
1351 4072 1431 4114 εει
1490 4061 1628 4125 Quid
1679 4062 1773 4113 ille
1808 4062 2006 4112 nobilis
2043 4066 2097 4111 et
2134 4074 2422 4126 generosus
2461 4062 2668 4110 romani
2705 4062 2798 4110 im-

468 4146 599 4211 perii
636 4160 811 4198 comes
848 4148 1084 4203 «Ioannes
1123 4152 1439 4203 Franciacus
1475 4150 1921 4202 Mirandulanua‘?
1967 4163 2140 4199 nonne
2187 4147 2345 4199 simul
2393 4148 2593 4213 ubique
2635 4154 2688 4200 et
2715 4150 2795 4213 ju-

469 4232 643 4285 cunda
690 4241 743 4286 et
793 4235 985 4289 idonea
1032 4238 1207 4293 dicere
1260 4241 1425 4294 verba
1468 4240 1640 4291 solet?
1695 4242 1924 4290 maxime
1976 4243 2150 4288 autem
2197 4238 2253 4287 in
2301 4236 2514 4302 hymnis
2569 4237 2798 4288 ostendit

470 4337 626 4387 quam
656 4328 912 4389 syncerae
948 4329 1035 4381 ait.

537 4448 545 4456 .
616 4414 640 4460 1
678 4395 827 4463 fiber
874 4411 961 4465 die
1012 4409 1201 4461 schrift
1242 4408 1353 4476 vgl.
1403 4413 1664 4467 Reuchlin
1715 4416 1818 4467 206
1865 4416 1940 4481 fg.
1991 4412 2100 4465 und
2148 4412 2418 4480 Biicking‚
2471 4412 2625 4465 Hutt.
2665 4412 2793 4481 Opp.

472 4492 651 4564 Suppl.
688 4497 792 4551 vol.
828 4498 894 4564 11,
931 4506 974 4557 ι’.
1018 4496 1103 4549 55.
2781 4478 2790 4489 ’
