2950 5042
1539 379 1670 444 336

439 569 737 655 impensa
802 567 1163 636 Salomonis
1208 569 1570 654 proverbia,
1611 569 1954 636 Canticum
1997 569 2416 638 Canticorum
2461 574 2534 636 et
2561 567 2764 636 Eccle-

442 677 687 742 siasten
740 674 806 740 in
854 673 1259 741 enchiridion
1308 674 1538 755 simul,
1585 683 1660 742 ut
1709 675 1994 760 jussisti,
2053 675 2310 742 noviter
2365 695 2514 742 cum
2559 693 2768 740 acceu-

320 855 332 860 ‚
440 779 617 846 tibus
663 777 1109 846 excudendum
1166 801 1484 846 curarem.
1575 780 1742 847 Nam
1793 780 1958 866 quid
2019 788 2157 848 tam
2197 781 2498 860 arduum,
2543 777 2766 865 quidve

442 891 581 952 tam
624 906 971 970 operosum
1040 884 1199 950 mihi
1244 891 1467 970 potest
1525 883 1738 971 objici,
1798 885 1991 972 quod,
2037 893 2104 954 te
2141 886 2432 972 jubente,
2476 883 2771 952 herculea

442 988 722 1057 audacia
764 1011 893 1057 non
924 990 1285 1074 aggrediar,
1332 1011 1451 1056 nec
1483 991 1648 1058 clam
1695 1013 1798 1058 me
1845 997 1967 1072 est,
2011 1013 2204 1078 quam
2239 991 2396 1058 mihi
2439 991 2528 1058 sit
2569 997 2634 1056 et
2657 997 2770 1074 ⁸tu·

442 1102 581 1162 tum
626 1103 697 1165 et
740 1095 927 1176 utile,
992 1096 1125 1162 tuis
1173 1096 1552 1181 justissimis
1609 1095 2036 1181 petitionibus
2101 1097 2502 1164 satisfacere.
2589 1095 2768 1174 Quod

444 1201 643 1285 igitur
689 1223 732 1268 a
776 1223 879 1268 me
926 1223 1045 1286 per
1076 1201 1301 1268 literas
1341 1204 1358 1240 ¹
1405 1202 1674 1285 petiisti,
1706 1202 2000 1288 quamvis
2045 1203 2130 1268 ad
2157 1201 2327 1268 huuc
2371 1221 2576 1288 usque
2605 1199 2770 1266 diem

446 1305 828 1386 distulerim,
875 1328 1044 1372 nunc
1074 1307 1161 1372 ad
1207 1314 1271 1374 te
1304 1307 1570 1374 missum
1617 1314 1802 1374 tauto
1829 1306 2142 1375 libentius
2185 1308 2486 1392 accipies,
2533 1312 2770 1392 quanto

444 1433 547 1478 me
595 1413 808 1480 fateor
850 1412 919 1478 id
962 1413 1305 1480 ardentius
1352 1413 1662 1497 exegisse.
1755 1412 1912 1492 Quis
1973 1434 2140 1480 nunc
2199 1412 2376 1492 mihi,
2422 1418 2499 1478 ut
2541 1411 2644 1476 hic
2685 1410 2774 1476 lo-

445 1538 559 1584 cus
606 1524 769 1597 erat,
816 1518 1134 1584 maximas
1178 1525 1246 1584 et
1290 1518 1604 1603 plurimas
1649 1518 1876 1584 laudes
1923 1519 2084 1585 satis
2128 1523 2607 1597 commemoret,
2635 1537 2771 1602 quae

444 1623 565 1689 tibi
612 1623 837 1707 procul
884 1623 1087 1691 dubio
1132 1622 1487 1704 debentur,
1546 1624 1662 1690 sed
1705 1623 1944 1708 ingenii
1987 1623 2114 1689 mei
2159 1621 2607 1690 imbecillitate
2653 1644 2772 1688 uon

445 1728 881 1809 exsolvuntur,
926 1736 1229 1796 exactum
1255 1738 1473 1796 autem
1507 1736 1792 1814 putetur,
1840 1728 2034 1814 quod,
2079 1730 2136 1795 si
2180 1750 2458 1814 possem,
2502 1727 2773 1795 libenter

446 1833 690 1901 darem.
782 1835 877 1900 Tu
924 1834 1116 1914 enim,
1174 1842 1361 1903 taceo
1414 1843 1672 1915 caetera,
1739 1856 1858 1919 pro
1904 1857 2106 1902 sacras
2168 1833 2400 1920 linguae
2461 1834 2774 1900 instaura·

445 1940 621 2006 tione
668 1938 823 2025 quid
869 1960 994 2005 non
1042 1940 1283 2020 fecisti,
1344 1948 1416 2009 ut
1472 1964 1596 2008 non
1657 1942 1982 2008 immerito
2040 1941 2214 2008 alter
2269 1941 2410 2026 ejus
2453 1947 2652 2025 pater
2694 1941 2774 2005 sis

445 2044 893 2130 appellandus.
988 2044 1147 2112 Vale
1195 2047 1484 2114 Venetiis
1537 2053 1608 2112 ll
1665 2045 1806 2112 Kal.
1851 2045 2242 2113 Februarias
2303 2051 2492 2112 1522.

624 2155 777 2214 Ans:
856 2173 939 2212 z
1008 2155 1488 2230 PROVERBIA,
1568 2155 1972 2216 cANTlc-VM
2057 2162 2118 2216 et
2206 2153 2774 2216 ECCLESMSTES

445 2258 609 2320 hebr.
672 2259 762 2320 ed.
823 2259 1112 2336 Bomberg
1128 2307 1143 2336 ,
1204 2263 1407 2324 Venet.
1483 2264 1646 2323 1522
1713 2262 1805 2322 bei
1869 2259 2050 2334 Wolf,
2119 2260 2466 2321 bibliotheca
2529 2261 2767 2332 hebraes,

446 2366 559 2426 vol.
593 2366 689 2441 lv,
738 2382 786 2428 s.
842 2369 965 2428 143
997 2365 1077 2444 fg.

1607 2491 1640 2532 ,ιι

594 2585 614 2633 1
656 2581 759 2634 Per
796 2579 997 2652 literas]
1034 2581 1129 2635 der
1162 2581 1316 2661 brief·
1334 2583 1624 2636 Reuohlins
1662 2583 1731 2634 ist
1766 2581 1916 2634 nieht
1951 2581 2199 2634 orbalteu.
