2950 5042
1504 407 1634 475 308

397 598 507 666 ibn
553 562 685 666 inm
750 599 951 664 sehon
1000 605 1037 664 τ
1086 594 1278 683 jahre
1340 596 1697 676 munchen,
1755 595 1988 664 sendet
2050 597 2183 663 ihm
2229 597 2338 663 uie
2383 601 2540 661 aeta
2578 593 2744 678 judi-

388 706 635 772 ciorum
708 705 838 776 und
900 701 1064 768 hofft
1116 723 1239 768 von
1286 703 1419 768 ihm
1488 702 1644 769 bald
1709 703 1852 768 eine
1909 703 2202 786 giinstige
2248 699 2749 783 Entscheidung.

398 810 789 894 Stutgardioe
880 807 1047 894 prid.
1094 809 1188 874 Id.
1241 808 1398 874 Nor.
1452 814 1639 874 1518.

573 919 899 980 Handsehr.
947 937 1031 976 =
1076 918 1235 980 Berl.
1298 935 1469 979 mscr.
1533 917 1634 980 fol.
1699 921 1817 992 283
1887 917 2194 992 gedruckt:
2229 935 2316 974 =
2343 914 2746 992 Friedlander,

395 1027 663 1101 beiti-lige
694 1042 741 1085 s.
778 1028 813 1084 ’7
822 1027 860 1085 9
894 1023 971 1101 fg.

1366 1261 1762 1330 OCLXXIII.

538 1353 815 1421 stuttgart.
2238 1353 2300 1402 13
2342 1351 2481 1402 nov.
2527 1351 2679 1400 1518.

639 1443 691 1516 J
694 1468 970 1516 oannes
1024 1441 1393 1516 Reuchlin
1447 1467 1546 1514 an
1601 1439 1939 1515 cardinal
1995 1438 2516 1513 Anconitanus

389 1589 754 1656 beschwiirt
812 1589 943 1668 ihu,
992 1587 1248 1654 endlich
1312 1589 1455 1654 eine
1513 1586 2236 1670 schlusseutscheidung
2297 1583 2747 1651 herbeizuffih-

388 1717 501 1760 ren
549 1696 681 1763 und
716 1717 828 1762 vor
858 1695 983 1761 den
1015 1693 1325 1779 angriffen
1372 1694 1491 1760 der
1522 1715 1759 1778 gegner
1791 1693 1921 1758 ihm
1971 1691 2133 1759 ruhe
2191 1715 2268 1758 zu
2317 1689 2742 1757 verschaffen.

390 1803 523 1868 Der
568 1823 766 1885 ganze
830 1824 909 1866 zu
956 1801 1116 1866 Rom
1173 1799 1492 1884 gefuhrte,
1558 1799 1692 1864 ihm
1739 1821 1811 1865 so
1873 1800 2168 1884 giiustige
2218 1819 2488 1883 process
2535 1797 2740 1864 werde

390 1906 595 1974 durch
628 1907 733 1972 die
762 1906 1282 1973 machinationeu
1313 1905 1429 1970 der
1458 1905 1674 1971 feinde
1707 1903 2021 1971 vereitelt.
2063 1905 2511 1970 Anconitanus
2563 1907 2734 1986 miige

391 2012 513 2078 auf
549 2013 770 2078 seinen
816 2033 1023 2078 neuen
1072 2011 1361 2096 collegen
1406 2013 1494 2077 im
1543 2013 1877 2096 giinstigen
1936 2013 2119 2078 sinne
2168 2009 2426 2075 wirken.
2523 2009 2734 2093 Respi-

394 2118 545 2198 ciaS,
591 2140 841 2202 precor,
890 2117 1141 2183 effoetas
1187 2118 1355 2184 vires
1385 2138 1565 2183 meas
1614 2123 1681 2183 et
1725 2118 1926 2183 simul
1977 2117 2359 2182 exhaustam
2407 2137 2582 2200 pene
2631 2115 2740 2180 hac

390 2224 455 2287 in
521 2244 731 2290 causas
779 2246 915 2290 rem
963 2244 1173 2291 meam
1221 2223 1629 2303 familiarem,
1691 2223 1802 2308 qui
1863 2222 2108 2307 agellos
2158 2243 2335 2288 meos
2382 2221 2470 2286 ad
2521 2225 2610 2286 28
2649 2221 2745 2306 ju·

392 2350 567 2412 gera,
614 2329 851 2415 quibus
907 2329 1295 2396 domesticos
1350 2351 1530 2396 meos
1589 2351 1821 2414 meque
1870 2329 2038 2413 pavi,
2085 2333 2350 2395 coactus
2396 2349 2543 2393 sum
2593 2347 2742 2392 ven-

392 2435 564 2516 dere,
613 2458 693 2503 ne
740 2435 861 2504 sub
908 2442 1010 2504 tot
1052 2437 1311 2503 interim
1344 2435 1640 2513 molibus,
1691 2435 1993 2518 expensis
2039 2439 2240 2518 atque
2274 2433 2549 2511 damnis,
2601 2451 2744 2518 quae

388 2549 639 2628 septem
698 2563 867 2609 nunc
930 2563 1135 2609 annos
1190 2541 1359 2622 fero,
1420 2562 1809 2607 corruerem.
1923 2540 2233 2606 Abdicavi
2279 2559 2566 2624 namque
2615 2561 2748 2605 om·

388 2649 565 2716 nium
610 2649 973 2735 principum
1019 2648 1343 2732 stipendia
1406 2654 1474 2714 et
1520 2648 1736 2714 omnia
1783 2646 1974 2714 minis
1997 2646 2164 2712 teria
2225 2647 2602 2712 exinanitus
2649 2668 2750 2712 re-

385 2754 703 2835 nunciavi,
736 2776 854 2820 nec
882 2754 1060 2820 ultra
1090 2775 1430 2838 superesse
1461 2753 1833 2839 reipublice
1875 2774 2063 2840 queo,
2101 2757 2220 2819 nec
2252 2753 2568 2819 alimenta
2586 2753 2749 2819 mihi

391 2880 700 2944 quaerere.
792 2859 1203 2944 Stutgardiae,
1247 2859 1333 2926 id.
1378 2859 1538 2926 Nov.
1585 2881 1644 2928 a.
1699 2865 1887 2926 1518.

573 2970 899 3032 Handschr.
952 2989 1036 3028 ε..-
1082 2969 1239 3031 Berl.
1273 2985 1441 3030 mscr.
1501 2969 1604 3030 fol.
1656 2972 1767 3044 333
1833 2968 2152 3044 gedruckt:
2203 2988 2288 3022 ==
2334 2957 2746 3043 Friedlander‚

399 3076 659 3153 beitrage
705 3094 753 3137 s.
804 3077 879 3136 81
936 3075 1017 3152 fg,

1360 3315 1751 3384 CCLXXIV.

534 3405 808 3475 stuttgart.
2234 3407 2295 3454 13
2335 3403 2472 3454 Nor.
2519 3404 2679 3455 1518.

389 3495 441 3568 J
444 3521 718 3570 oannes
805 3495 1176 3571 Reuchlin
1258 3520 1353 3570 an
1440 3491 1618 3568 den'
1682 3491 2022 3568 cardinal
2116 3490 2560 3568 Laurentius
2655 3491 2748 3564 de

1399 3616 1716 3691 Puccius

390 3765 509 3834 hat
552 3767 811 3851 gehiirt,
858 3765 1013 3832 dass
1062 3764 1404 3834 Dominiko
1452 3764 1837 3832 Giocobazzi
1884 3786 1964 3830 zu
2028 3763 2276 3829 seinem
2327 3761 2576 3827 richter
2648 3783 2746 3827 er-

385 3879 591 3940 nannt
636 3873 730 3939 sei
776 3873 907 3939 und
953 3872 1185 3939 meint:
1256 3871 1425 3938 male
1472 3871 1630 3936 mihi
1689 3869 1992 3955 profecto
2059 3868 2436 3936 referuntur
2491 3868 2742 3952 gratiae,

382 3999 546 4065 quas
593 3985 661 4046 et
706 3979 786 4045 de
834 3999 1083 4045 summo
1128 3976 1441 4058 Pontifici,
1490 3998 1635 4043 cum
1698 3976 1926 4044 adhuc
1974 3975 2039 4041 iu
2086 3974 2445 4042 minoribus
2491 3979 2740 4040 terram

382 4090 674 4152 nostram
720 4085 1051 4165 transiret,
1112 4082 1276 4151 bene
1322 4083 1596 4150 meritus
1657 4104 1820 4164 sum,
1877 4083 2063 4167 quus
2115 4080 2338 4148 curavi
2385 4100 2624 4163 corpus
2673 4084 2742 4144 et

384 4191 585 4257 vitam
629 4190 697 4256 in
745 4192 887 4256 tuto
934 4211 1079 4256 esse
1128 4210 1203 4256 ac
1251 4189 1502 4255 salvum
1560 4188 1835 4277 conduci
1891 4187 2044 4254 dum
2110 4185 2410 4254 Sueviam
2457 4185 2740 4252 Wirten·

382 4296 762 4381 bergensem
794 4293 1331 4381 perambulasset,
1378 4316 1537 4361 neve
1584 4294 1853 4380 perdam
1903 4293 2185 4378 gratiae,
2247 4313 2410 4376 quas
2458 4289 2738 4356 ecclesia

382 4402 677 4469 Romana
722 4407 789 4468 et
833 4421 875 4468 a
919 4406 1158 4469 natura
1202 4406 1271 4468 et
1315 4421 1358 4468 a
1393 4401 1543 4486 jure
1580 4399 1794 4480 debet,
1841 4399 1910 4466 in
1957 4399 2142 4484 cujus
2178 4396 2542 4465 ministerio
2585 4395 2738 4462 abs-

384 4528 509 4596 que
556 4506 692 4574 ulla
746 4508 935 4594 stipe,
1004 4505 1137 4575 sine
1200 4505 1417 4594 aliquo
1489 4527 1614 4575 aere
1677 4505 1834 4574 mihi
1896 4504 2050 4575 dato
2105 4501 2390 4572 fideliter
2435 4501 2734 4582 militavi,
