2950 5042
1495 398 1689 501 190,

410 588 646 674 01111110,
691 593 766 655 ut
812 587 1298 677 gratificaturus
1341 590 1503 657 mihi
1549 590 1640 657 sis
1700 588 1769 656 111
1832 585 2130 655 omnibus
2190 608 2335 673 quae
2390 586 2571 655 factu
2629 585 2746 653 tibi

410 694 651 761 fuerint
714 701 1053 780 oportuna.
1158 695 1286 763 Sed
1345 701 1412 761 et
1472 696 1680 763 literis
1741 695 1873 762 tuis
1930 692 2301 761 admonitus
2368 693 2753 761 sententiam

411 800 675 881 mutavi,
722 822 840 866 1130
886 799 1164 885 amplius
1212 800 1278 865 in
1325 802 1529 867 veteri
1575 805 1969 869 testamento
2003 800 2201 867 aliam
2233 821 2430 885 quam
2469 800 2753 865 nativam

410 905 695 990 linguam
754 906 821 971 in
881 928 1013 993 qua
1067 907 1276 992 primo
1334 907 1621 973 omnium
1680 914 1781 973 est
1829 906 2107 986 editum,
2169 912 2515 991 tantopere
2562 904 2756 971 affec-

414 1010 589 1077 tabo.
655 1011 974 1079 Caeterum
1004 1015 1248 1097 gratias
1272 1011 1392 1079 tibi
1423 1012 1636 1079 habeo
1672 1012 1753 1078 de
1789 1012 1997 1080 literis
2024 1012 2323 1079 oaesareis
2355 1010 2515 1076 mihi
2544 1010 2758 1077 missis

415 1118 652 1202 quibus
684 1123 751 1184 et
781 1118 904 1184 tibi
945 1124 1012 1184 et
1041 1117 1430 1187 adversariis
1473 1119 1605 1184 tuis
1637 1117 1963 1185 silentium
1994 1116 2323 1199 indicitur,
2357 1139 2507 1183 nam
2538 1116 2759 1201 volup-

416 1223 538 1289 tati
570 1222 726 1289 mibi
759 1222 940 1289 fuere
980 1226 1430 1308 permaximae;
1455 1222 1842 1309 jamdudum
1882 1225 2051 1291 enim
2088 1222 2417 1307 optabam,
2448 1221 2759 1289 obscoena

417 1329 795 1397 aemulorum
842 1335 1099 1397 tuorum
1148 1352 1264 1397 ora
1295 1330 1530 1411 claudi,
1577 1335 1896 1414 quatenus
1930 1328 2150 1414 quiete
2182 1334 2252 1397 et
2296 1328 2593 1395 literario
2627 1328 2756 1393 otio

415 1432 686 1502 liberius
741 1434 998 1501 fruaris.
1091 1435 1254 1503 Vale
1308 1435 1493 1503 bene.
1585 1433 1774 1499 Abba
1834 1454 2017 1501 meus
2079 1433 2399 1500 emeritus
2447 1440 2515 1499 te
2563 1432 2759 1517 pluri-

417 1559 594 1606 mum
638 1539 855 1606 valere
901 1546 1107 1625 optat,
1153 1546 1221 1607 et
1265 1545 1340 1617 ut
1385 1539 1737 1627 aliquando
1782 1538 1869 1605 ad
1899 1560 2017 1606 nos
2050 1538 2377 1606 concedas
2408 1539 2759 1624 plurimum

418 1644 671 1713 invitat.
762 1645 860 1711 Ex
907 1645 1306 1731 Ottenbyrra
1356 1651 1434 1712 13
1484 1646 1590 1713 die
1638 1645 1912 1731 Augusti
1965 1650 2155 1711 1513.

459 1822 462 1825 ,
559 1754 742 1836 ,Mea
777 1754 1082 1830 Ellenbog.
1117 1755 1216 1817 lib.
1249 1756 1307 1815 11
1337 1757 1503 1831 epist.
1540 1759 1645 1819 47.
1676 1752 1775 1815 fol.
1817 1757 1961 1816 133.

1465 1907 1711 1975 CLXV.
2612 1974 2619 1979 ,

565 1996 840 2064 stuttgart.
2245 2000 2305 2047 13
2346 1998 2487 2063 Aug.
2533 1998 2691 2048 1513.

422 2083 474 2160 J
477 2110 750 2160 oannes
810 2084 1178 2161 Reuohlin
1238 2110 1337 2159 an
1406 2084 1549 2161 den
1616 2082 2106 2160 Churfiirsten
2170 2086 2561 2161 Friedrich
2618 2112 2758 2160 von

1429 2208 1758 2285 Saohsen

425 2330 798 2399 iiberreioht
843 2331 1018 2397 seiue
1049 2328 1479 2416 ubersetzung
1510 2330 1626 2398 des
1655 2328 1880 2398 lebens
1914 2332 2297 2399 Constantia
2330 2331 2445 2399 des
2478 2354 2761 2417 grossen,

426 2437 549 2503 mit
607 2437 812 2503 einem
883 2436 1034 2502 sehr
1090 2436 1355 2521 langen,
1421 2435 1973 2522 weitschweifigen
2042 2437 2643 2525 widmungsbriefe,
2698 2440 2760 2504 in

423 2541 570 2609 dem
628 2563 734 2623 er,
790 2547 980 2610 unter
1040 2542 1405 2627 anffihrung
1450 2542 1777 2609 schweren
1824 2543 2159 2627 gelehrten
2203 2544 2541 2610 materials
2562 2594 2577 2625 ,
2644 2545 2761 2611 den

423 2648 701 2715 v'ersuch
739 2648 976 2729 macht,
1024 2648 1327 2730 Sachsen,
1373 2648 1741 2733 Thiiringen
1778 2647 1912 2714 und
1945 2648 2262 2716 Meissner
2293 2651 2412 2715 mit
2444 2650 2760 2731 Axenern,

425 2750 688 2838 Mysern
744 2741 888 2819 und'
923 2752 975 2817 T
975 2752 1266 2838 yrigeten
1323 2776 1401 2820 zu
1461 2752 1912 2821 identifioiren.
2007 2755 2098 2821 Er
2141 2756 2349 2840 preist
2396 2755 2523 2821 den
2570 2777 2759 2840 regen

425 2860 568 2925 sinn
622 2844 738 2926 des
785 2858 1198 2925 churfiirsten
1244 2858 1351 2925 fur
1412 2860 1518 2926 die
1562 2860 2105 2941 wissenschaften,
2154 2861 2259 2927 die
2305 2883 2431 2927 von
2479 2861 2616 2926 ihm
2660 2882 2761 2945 ge-

425 2962 742 3047 griindete
799 2964 1183 3031 universitat
1246 2962 1378 3030 und
1436 2965 1829 3032 bibliothek:
1904 2966 2073 3033 Hinc
2136 2966 2251 3033 illa
2314 2972 2433 3033 tua
2494 2967 2761 3034 illustris

427 3074 808 3135 cunctarum
857 3068 1343 3154 disciplinarum
1391 3076 1459 3137 et
1504 3072 1855 3156 omnigenae
1902 3071 2325 3158 philosophiae
2358 3073 2758 3153 universitate,

431 3193 627 3259 quam
683 3195 726 3239 a
767 3174 994 3260 primis
1051 3175 1489 3243 fundamentis
1536 3176 1883 3262 ¹magnifice
1940 3179 2287 3262 plantasti,
2346 3200 2543 3263 quam
2622 3176 2762 3244 doc-

430 3279 696 3346 tissimis
760 3280 912 3347 viris
981 3302 1100 3346 0311
1179 3302 1484 3349 0010113111
1565 3282 1959 3367 fulgentibus
2044 3284 2311 3368 gemmis
2412 3282 2765 3363 adornasti,

431 3407 626 3471 quam
672 3407 929 3452 annona
971 3387 1390 3471 proventibus
1437 3393 1506 3454 et
1550 3388 1887 3473 stipendiis
1932 3389 2190 3456 abunde
2262 3388 2511 3457 ditasti.
2604 3390 2762 3456 Hinc

432 3491 548 3558 illa
607 3492 870 3577 insignis
923 3492 1334 3573 bibliotheca,
1391 3500 1457 3560 te
1513 3494 1870 3561 architecto
1925 3516 2045 3579 per
2108 3494 2425 3562 artificum
2494 3495 2764 3582 exquisi-

431 3598 828 3664 tissimorum
882 3619 1105 3664 curam
1163 3598 1553 3665 industriam
1618 3599 2015 3684 diligentiam
2077 3606 2145 3667 et
2189 3601 2516 3686 ingenium
2566 3622 2765 3687 nuper

435 3724 517 3776 ex
546 3690 798 3769 ⁸intimis
861 3704 1032 3769 areis
1077 3702 1164 3769 ad
1208 3704 1540 3790 fastigium
1594 3706 1849 3785 educta,
1910 3726 2054 3792 quae
2100 3706 2188 3772 sit
2232 3708 2515 3773 omnium
2564 3707 2761 3775 omnis

432 3801 656 3875 formae
699 3831 778 3876 ao
823 3809 1204 3876 conditionis
1249 3810 1563 3877 librorum
1608 3810 1860 3877 illustre
1908 3811 2373 3895 diversorium,
2419 3835 2549 3897 quo
2600 3813 2763 3897 cogis

433 3913 754 4001 hospitari
798 3901 1142 4000 peregrina
1182 3914 1386 3983 omnis
1440 3915 1652 3981 aetatis
1684 3922 1751 3983 et
1782 3917 2062 3984 omnium
2094 3925 2397 3984 autorum
2426 3919 2762 3985 volumina.

435 4022 560 4087 Am
605 4021 854 4088 schluss
917 4020 1121 4087 heisst
1167 4041 1266 4088 es:
1329 4020 1468 4099 Quo
1534 4019 1869 4089 ardentius
1914 4022 1998 4089 ad
2048 4028 2113 4089 te
2160 4022 2579 4111 Saxonesque
2624 4030 2763 4091 tuos

436 4126 752 4213 confugiO,
797 4148 916 4193 0311
961 4126 1044 4192 ad
1092 4126 1397 4194 Phaeacas
1443 4133 1512 4193 et
1555 4127 1895 4195 Alcinoum
1940 4128 2221 4214 Ulysses,
2271 4136 2345 4197 ut
2388 4152 2493 4197 1113
2543 4135 2759 4197 contra

436 4232 876 4319 quorumlibet
940 4232 1266 4299 latronum
1329 4233 1628 4300 incursus
1698 4254 1954 4319 semper
2011 4236 2283 4303 tuearis.'
2392 4238 2526 4323 Ego
2602 4235 2755 4303 enim

365 4406 370 4412 ,
443 4358 589 4406 011111
631 4338 890 4405 Nasone
929 4339 950 4378 ¹
996 4360 1153 4407 vera
1196 4339 1429 4427 loquor

483 4462 492 4473 .
1590 4433 1630 4473 ss·

589 4519 615 4573 1
655 4515 812 4583 ovid,
847 4516 1010 4571 'Px-ist.
1046 4516 1141 4571 lib.
1176 4518 1247 4569 IV
1287 4516 1424 4585 eleg.
1463 4520 1513 4584 8,
1550 4519 1583 4569 5
1620 4516 1707 4575 bis
1744 4519 1797 4572 8.
