2950 5042
1276 408 1395 473 101

376 605 401 659 1
448 621 527 657 =
566 602 915 663 Rudimenta
957 604 1229 663 hebraica
1275 602 1427 662 ohne
1470 603 1856 677 eigentlichen
1896 604 2053 679 titel,
2101 606 2162 665 in
2207 606 2313 667 der
2353 608 2514 667 mitte

215 707 300 766 des
329 712 508 767 ersten
538 708 777 768 blattes:
827 708 1295 769 PRINCIPIUM
1330 708 1544 769 LIBRI
1585 704 1686 783 1b;
1734 710 1826 769 die
1878 708 2180 771 ausschrift
2211 714 2316 773 wie
2361 712 2512 771 oben

210 830 249 871 s,
280 814 369 871 88.
403 816 521 872 >621
558 830 637 873 ss.
671 814 728 873 in
757 814 838 873 kl.
872 814 975 875 fol.
1011 832 1063 875 a.
1098 830 1147 875 e.
1182 815 1366 889 Exegi
1400 846 1474 859 -
1511 814 1732 875 MDVI.

210 936 330 995 vorl.
359 937 521 997 scite:
566 935 881 997 PHORCE
926 936 1012 995 IN
1951 938 2187 1000 AEDIB.
2244 938 2420 999 THO.

562 1042 977 1101 ANSHELMI
1212 1042 1860 1105 Buchdruckerzeichen
1952 1044 2208 1105 SEXTO
2254 1044 2434 1105 KAL.

558 1146 897 1207 APRILES
1254 1216 1261 1223 .
1387 1148 1692 1209 Anshelms
1944 1148 2162 1210 ANNO
2195 1150 2463 1212 M.D.VI.

286 1252 317 1311 1.
349 1253 513 1313 seite:
562 1252 775 1313 FINIS
820 1253 1051 1349 LIBRI.

210 1378 237 1433 2
264 1394 337 1457 :2-
366 1378 399 1433 2
432 1374 597 1435 hebr.
650 1375 859 1449 zeilen‚
910 1374 1093 1435 daun:
1141 1374 1475 1437 JOANNIS
1523 1370 1980 1459 REVGHLlel
2024 1376 2512 1438 PHORCENSIS

204 1480 389 1539 PRIMI
430 1478 749 1541 GRAECAE
793 1480 898 1540 ET
946 1480 1225 1541 SACRAE
1270 1475 1616 1563 HEjbraicae
1649 1483 1862 1557 linguae
1915 1482 2176 1557 adeoque
2207 1484 2512 1543 meliorum

207 1586 455 1645 literarum
488 1590 747 1646 omnium
788 1588 849 1645 in
880 1585 1189 1645 Germania
1230 1589 1484 1657 autoriS,
1539 1582 1545 1669 1
1581 1588 1642 1647 in
1675 1586 1896 1647 Gallias
1929 1604 2068 1647 vero
2101 1595 2160 1648 et
2186 1588 2358 1649 Italia
2387 1590 2510 1649 vin-

217 1691 313 1749 dicis
352 1692 709 1752 LEXIGON
758 1691 1107 1751 Hebraicum
1152 1735 1393 1753 ......
1446 1710 1576 1767 quae
1637 1693 1960 1753 sebastiani
2002 1694 2290 1753 Munsteri
2332 1710 2516 1768 opera

218 1796 433 1857 absolutae
466 1805 608 1859 sunt
642 1803 680 1858 2
714 1816 924 1873 unpag.
960 1799 1081 1873 bll.‚
1117 1798 1220 1858 auf
1250 1798 1437 1860 denen
1469 1800 1564 1859 die
1594 1799 1848 1859 vorrede
1881 1799 1999 1858 und
2035 1802 2162 1857 418
2196 1799 2381 1857 seiten
2411 1798 2510 1859 fol.

207 1900 255 1960 A.
280 1904 335 1962 E.
366 1904 736 1963 BASILEAE
769 1904 924 1963 PER
966 1904 1383 1963 HENRIGVM
1424 1903 1787 1981 PETRVM,
1838 1896 1844 1985 Ι
1881 1904 2154 1963 MENSE
2207 1904 2510 1965 MARTIO

204 2004 379 2069 ANNO
409 2009 851 2071 MDXXXVII.

1134 2256 1540 2325 LXXXXVI.

311 2380 595 2448 stuttgart.
2013 2384 2078 2433 26
2118 2380 2241 2433 ἔω.
2288 2383 2441 2433 1507.

191 2497 555 2601 [Reuchlin
596 2498 725 2603 an]
750 2498 1053 2575 Maister
1082 2500 1445 2575 Hannsen
1479 2499 1982 2577 Ammerbach
2021 2502 2515 2578 buchtrucker

1152 2651 1245 2697 zu
1280 2624 1524 2699 Basel.

332 2800 391 2867 S.
425 2802 503 2867 D.
537 2803 612 2867 P.
661 2800 806 2868 Non
852 2801 1083 2881 defore
1116 2806 1297 2868 tuam
1342 2802 1410 2868 in
1454 2824 1526 2869 re
1559 2823 1706 2868 mea
1734 2800 1930 2868 fidem
1965 2801 2170 2887 Cyrus
2207 2802 2230 2842 ¹
2275 2822 2514 2869 renun-

190 2905 375 2988 ciavit,
420 2908 529 2974 cui
580 2908 781 2974 etiam
824 2907 1075 2993 absque
1110 2908 1241 2973 tuis
1272 2907 1482 2974 literis
1530 2907 1815 2988 credam,
1863 2909 2156 2994 quamvis
2203 2906 2514 2992 singulari

183 3031 264 3076 me
306 3013 647 3098 voluptate
694 3011 1021 3080 affecisses
1069 3012 1429 3079 scribendo,
1525 3012 1654 3081 Sed
1714 3020 1786 3079 tu
1833 3013 2086 3094 multia,
2142 3019 2215 3081 ut
2265 3014 2515 3098 opinor,

186 3119 331 3184 curis
371 3119 655 3185 obrutus
702 3118 802 3184 vel
847 3118 1033 3185 binos
1080 3118 1295 3185 sulcos
1341 3140 1532 3185 arare
1595 3140 1720 3185 non
1792 3138 2022 3203 posses
2082 3120 2126 3185 2.
2217 3121 2509 3204 Expecto

186 3227 376 3290 tamen
422 3225 849 3290 vehementer
894 3223 1119 3289 literas
1169 3230 1317 3291 tuas
1381 3225 1579 3291 etiam
1627 3246 1872 3310 paucas
1919 3231 2514 3310 quantumcunque,

187 3328 389 3411 quibus
422 3330 688 3395 caeteris
734 3328 909 3413 apud
940 3350 1043 3393 me
1090 3330 1488 3396 instantibus
1534 3331 1598 3395 in
1647 3352 1723 3397 eo
1769 3331 2050 3414 negotiO,
2103 3331 2277 3416 quod
2325 3332 2514 3410 nosti,

194 3435 579 3513 providentia
622 3456 769 3500 mea
829 3434 1167 3501 clarescat.
1264 3435 1449 3514 Quod
1495 3434 1662 3502 filios
1715 3436 1742 3475 ³
1797 3435 2001 3501 habes
2045 3442 2113 3501 et
2158 3436 2399 3501 dociles
2447 3441 2516 3501 et

188 3546 489 3607 amatores
540 3538 855 3606 bonarum
907 3540 1267 3621 literarum,
1314 3541 1566 3625 gaudeo
1613 3539 1790 3607 haud
1838 3539 2272 3618 mediocriter,
2319 3536 2514 3604 credo

187 3644 333 3725 mihi,
379 3648 481 3712 tui
518 3666 741 3711 causa.
804 3646 922 3712 Eis
963 3646 1313 3732 aliquando
1360 3647 1417 3713 ei
1461 3647 1710 3730 poterit
1752 3666 1900 3711 mea
1933 3664 2132 3729 opera
2178 3643 2323 3709 usui
2357 3643 2515 3723 fore,

1320 3844 1351 3877 *

308 3968 327 4011 1
370 3962 567 4030 Cyrus]
610 3960 943 4014 Unbekannt.
1022 3962 1121 4011 Die
1171 3963 1221 4011 in
1276 3962 1475 4013 diesem
1513 3962 1679 4013 briefe
1717 3961 2067 4028 angedeutete
2108 3933 2518 4026 ange‘legenhei‘

182 4043 295 4097 lasst.
326 4050 444 4101 sich
481 4050 630 4099 nicht
664 4050 829 4105 nuber
872 4050 1219 4121 bezeichnen,
1276 4051 1343 4101 da
1393 4053 1486 4101 wir
1537 4051 1660 4101 kein
1701 4050 1917 4101 zeichen
1958 4048 2261 4100 brieflicher
2303 4045 2515 4095 verbin-

182 4132 305 4203 dung
342 4138 608 4189 zwischen
637 4138 932 4189 Amet-bach
972 4139 1077 4189 und
1107 4139 1367 4191 Reuchlin
1407 4156 1502 4191 vor
1541 4154 1780 4189 unserem
1815 4136 1982 4187 briefe
2021 4138 2244 4187 kennen.
2323 4135 2512 4185 Wabr-

182 4208 460 4277 scheinlich
503 4226 625 4277 sind
674 4242 729 4277 es
778 4227 863 4288 die
912 4226 1347 4293 verbandlungen
1402 4243 1583 4294 wegen
1641 4226 1732 4277 des
1785 4225 1995 4291 vei-legs
2051 4225 2142 4276 der
2199 4223 2518 4273 Rudimenta

180 4306 329 4376 hebr„
368 4316 465 4365 auf
496 4315 581 4366 die
618 4316 731 4366 sich
772 4319 1092 4383 wenigsteus
1130 4314 1213 4365 die
1252 4314 1536 4381 folgenden
1573 4315 1740 4366 bricfe
1779 4312 2020 4364 beziehn.
2086 4298 2234 4364 I‘Jber
2272 4311 2356 4362 die
2397 4328 2520 4379 per-

181 4400 440 4452 soniichen
476 4403 836 4471 beziehungen
874 4405 1056 4456 beider
1092 4409 1309 4455 manner
1350 4404 1455 4471 vgl.
1502 4403 1638 4454 oben
1679 4406 1743 4455 30
1783 4404 1930 4453 Marz
1973 4402 2106 4451 1495
2158 4400 2282 4451 und?
2309 4399 2514 4450 Reueh-

186 4480 251 4537 lin
284 4506 321 4541 s·
368 4492 448 4556 15,
484 4495 567 4557 58,
605 4496 689 4557 77,
724 4494 835 4547 184.
946 4498 976 4547 2
1018 4510 1190 4546 artare
1236 4498 1275 4541 l.
1390 4495 1419 4542 3
1461 4492 1621 4561 filios]
1663 4492 1857 4553 Bruno,
1899 4490 2148 4555 Basilius,
2187 4489 2510 4541 Bonifacius.
