2950 5042
1260 368 1387 439 105

196 558 299 625 hoc
348 559 514 626 laudi
572 560 689 627 dat
738 561 804 626 in
852 558 1057 627 Paula
1115 558 1229 627 illa
1274 558 1520 629 Urbica
1569 562 1590 601 ¹
1637 560 1812 646 quod
1869 580 1939 628 se
1993 558 2262 628 doctore
2306 558 2487 627 Psal-

195 666 397 731 terium
426 666 743 734 Hebraice
790 668 1003 751 legere
1036 665 1357 733 didicerit.
1431 665 1599 734 Huic
1645 668 1866 752 itaque
1909 672 2049 733 tam
2093 666 2218 751 piae
2263 688 2486 734 eorum

194 772 455 855 petitioni
482 772 915 859 acquiescens,
959 771 1047 837 ad
1084 778 1179 853 te,
1226 773 1327 837 vir
1354 771 1833 853 humanissime,
1879 772 1946 837 in
1993 772 2488 857 praesentiarum

197 876 418 961 scripsi,
478 899 745 963 rogans,
800 883 877 943 ut
920 898 1041 963 pro
1084 883 1203 944 tua
1246 876 1542 945 bonitate
1591 877 1712 945 hac
1759 878 1824 943 in
1871 884 2059 963 parte
2107 898 2220 943 eos
2255 878 2486 963 juvare

195 981 353 1062 velis,
395 989 586 1069 teque
632 984 1021 1067 morigerum
1064 988 1369 1069 praestes,
1416 989 1492 1050 ut
1535 984 1592 1049 si
1640 1004 2011 1069 quenquam
2057 984 2334 1050 noveris·
2359 983 2488 1050 He-

198 1088 527 1169 braeorum,
592 1088 769 1155 fonte
828 1088 1245 1173 baptismatis
1298 1095 1628 1169 renatum,
1697 1090 1809 1174 qui
1866 1088 2033 1156 hanc
2089 1089 2488 1175 provinciam

197 1192 434 1272 subiret,
504 1215 611 1260 me
676 1216 794 1279 per
839 1194 1095 1260 litteras
1140 1194 1480 1261 certiorem
1529 1195 1800 1276 reddas3
1859 1195 2016 1281 quid
2057 1196 2324 1283 insuper
2367 1214 2490 1280 pro

198 1298 381 1367 labore
438 1321 657 1367 annuo
718 1301 779 1365 ei
834 1299 1199 1366 faciendum
1248 1299 1442 1380 foret,
1498 1300 1737 1366 litteris
1795 1299 2173 1385 significato.
2248 1301 2389 1367 Hoc
2433 1300 2490 1367 si

199 1404 387 1471 feceris
430 1404 577 1490 (sed
626 1404 824 1472 facies
872 1405 1071 1471 dubio
1116 1403 1371 1491 procul)
1418 1411 1772 1492 perpetuos
1820 1406 1938 1472 tibi
1987 1412 2055 1471 et
2097 1426 2200 1472 me
2249 1411 2317 1473 et
2361 1405 2492 1471 fra-

201 1516 301 1575 tres
355 1532 527 1577 meos
602 1510 933 1577 debitores
990 1512 1364 1578 constitues.
1460 1512 1617 1577 Vale
1677 1510 1852 1577 felix.
1943 1512 2040 1577 Ex
2087 1512 2488 1597 Ottinpurra.

208 1614 338 1682 81d.
395 1617 535 1683 Oct.
594 1622 781 1683 1508.
1321 1640 1329 1667 ·

332 1728 471 1787 Ans:
544 1726 659 1787 J0.
723 1725 1043 1786 GEoRGn
1099 1726 1634 1787 SOHELHORNH
1675 1718 1686 1810 Ι
1731 1772 1783 1787 ..
1827 1728 1838 1805 ι
1880 1724 2486 1811 AMossMTATEs}

212 1828 559 1892 HISTORIAE-
601 1830 613 1911 Ι
666 1830 1299 1893 ECCLESIASTIOAE
1348 1836 1359 1910 Ι
1415 1832 1520 1891 ΕΤ
1573 1828 1583 1907 Ι
1631 1832 2086 1893 LITERARIAE
2133 1825 2144 1915 Ι
2189 1877 2417 1893 ......
2479 1827 2486 1917 Ι

206 1935 409 1997 rouvs
459 1936 891 1997 SECVNDVS.
950 1934 961 2011 ι
1012 1982 1068 1999 ..
1113 1932 1123 2019 ι
1176 1934 1734 1999 FRANCOFURTI
1783 1937 1833 1999 a
1885 1938 2164 1999 L1Ps1AE
2203 1933 2215 2021 1
2261 1940 2428 2000 1738
2477 1930 2486 2021 Ι

196 2055 230 2098 s,
258 2043 360 2104 593
392 2058 478 2117 sq.

1254 2200 1389 2269 CII.

303 2304 429 2357 mm.
1999 2312 2056 2359 ιι
2100 2308 2226 2359 okt.
2271 2311 2423 2361 isos.

251 2409 633 2488 Leonardo
670 2408 954 2487 Abbati
992 2410 1411 2487 Ottenburr.
1455 2412 1509 2488 J
1509 2440 1578 2486 0.
1617 2412 1980 2489 Reuchlin
2015 2414 2281 2493 Phorc.
2326 2413 2399 2490 S.

330 2578 433 2641 Ita
478 2596 582 2641 me
632 2576 807 2641 Deus
854 2580 1059 2655 amet,
1105 2580 1181 2641 ut
1238 2581 1419 2643 tuam
1466 2575 1672 2641 vicem
1719 2575 2004 2661 gaudeo,
2069 2576 2258 2643 Abba
2301 2582 2494 2661 pater

184 2683 427 2751 audiens
489 2680 733 2767 duplici
776 2685 843 2747 te
886 2680 1128 2748 honore
1175 2681 1473 2765 dignum,
1531 2681 1706 2766 quod
1763 2686 1831 2747 et
1888 2681 2108 2748 domui
2152 2687 2282 2747 tuae
2327 2681 2492 2747 bene

182 2810 385 2871 praees
449 2788 625 2852 fama
685 2791 851 2851 teste
918 2794 985 2851 et
1039 2785 1231 2852 simul
1287 2807 1508 2853 amore
1575 2786 1857 2871 quodam
1918 2786 2156 2853 illustri
2217 2785 2492 2853 afficeris

183 2914 312 2977 erga
365 2894 625 2960 litteras
684 2892 1052 2976 politiores,
1122 2892 1294 2976 quod
1351 2914 1551 2959 unum
1614 2913 1769 2961 rara
1813 2896 1914 2959 est
1967 2892 2106 2959 avis
2165 2892 2232 2957 in
2277 2892 2492 2958 terris.

184 2997 289 3065 Sed
332 3006 400 3066 et
432 2998 663 3064 miram
710 3002 939 3063 nactus
986 3018 1055 3063 es
1087 2998 1233 3062 vitae
1266 3004 1538 3077 sortem,
1582 3004 1660 3064 ut
1701 3020 1848 3064 cum
1894 2998 2100 3064 multa
2131 3004 2300 3077 sunt,
2347 3019 2492 3085 quse

183 3111 393 3185 praeter
440 3110 711 3188 propter
753 3101 1155 3187 disciplinam
1188 3103 1516 3183 discimuS,
1560 3104 1653 3170 nil
1700 3105 1982 3170 omnium
2028 3104 2292 3189 majoris
2341 3125 2496 3189 pen-

184 3208 279 3275 das
320 3231 519 3296 quam
578 3208 759 3273 illam
806 3210 1141 3293 antiquam
1203 3231 1434 3293 puram
1495 3218 1562 3275 et
1621 3207 2034 3295 originariam
2081 3210 2494 3294 Theologiam

187 3336 302 3397 quae
346 3316 475 3382 fuit
520 3314 989 3398 Prophetarum
1039 3321 1237 3401 atque
1286 3314 1676 3381 Videntium.
1769 3316 1956 3382 Unde
2001 3316 2158 3382 mihi
2205 3322 2318 3382 tuo
2363 3336 2494 3380 me-

192 3420 286 3486 rito
328 3420 683 3506 perbeatus
747 3420 984 3485 videris
1032 3420 1171 3485 sola
1216 3425 1333 3487 tua
1392 3420 1753 3505 cupiditate
1801 3442 1995 3507 quam
2041 3422 2106 3486 in
2154 3418 2494 3486 Hebraicis

189 3526 514 3611 concepisti
570 3546 789 3591 amore
851 3526 959 3592 SS.
1020 3525 1523 3610 Scripturarum.
1629 3526 1794 3591 Nam
1855 3526 1978 3591 hoc
2040 3526 2161 3591 tibi
2225 3524 2491 3603 affirmo,

185 3633 476 3697 neminem
524 3630 905 3697 Latinorum
954 3632 1154 3697 Vetus
1198 3631 1686 3697 Testamentum
1749 3630 2040 3715 potuisse
2085 3629 2172 3696 ad
2217 3650 2493 3715 anguem

188 3738 543 3819 exprimere,
588 3736 712 3801 nisi
760 3738 899 3821 eJ'us
930 3736 1162 3821 linguae
1206 3737 1273 3802 in
1306 3759 1437 3822 qua
1484 3738 1796 3822 scriptum
1825 3736 2026 3802 fuerit
2069 3735 2279 3821 primo
2324 3736 2493 3818 peri-

184 3844 275 3905 tus
312 3844 413 3909 sit.
490 3842 636 3907 Vox
674 3843 843 3907 enim
885 3842 1011 3909 fuit
1054 3843 1401 3908 mediatrix
1432 3843 1554 3908 Dei
1599 3849 1666 3907 et
1711 3842 2056 3921 hominum,
2103 3846 2178 3906 ut
2220 3841 2287 3905 in
2332 3841 2494 3905 Pen-

186 3948 465 4013 tateucho
514 3946 804 4031 legimus,
862 3953 936 4013 at
980 3968 1109 4013 non
1156 3948 1464 4033 quaelibet
1509 3970 1650 4026 voX,
1697 3947 1812 4013 sed
1858 3954 2115 4013 tantum
2145 3946 2490 4025 Hebraiea‚

184 4068 282 4131 per
324 4074 519 4139 quam
551 4055 727 4119 Deus
774 4051 977 4120 v'oluit
1006 4074 1250 4121 arcana
1295 4076 1413 4121 sua
1460 4053 1848 4120 mortalibus
1894 4053 2317 4141 innotescere.
2396 4054 2493 4119 Ea

186 4155 365 4239 enim,
412 4152 557 4244 quse
600 4156 872 4225 rudibus
918 4158 1121 4227 oculis
1180 4160 1562 4245 aspicimus,
1607 4158 1796 4242 vulgo
1864 4159 2094 4243 digna,
2137 4180 2281 4245 quse
2340 4180 2492 4227 vero

1294 4302 1335 4339 {t-

315 4388 337 4434 1
376 4384 562 4437 Findet
598 4386 715 4436 sich
753 4386 900 4437 nicht
937 4388 989 4437 in
1028 4387 1147 4439 dem
1184 4388 1326 4441 brief
1354 4389 1417 4441 ad
1458 4387 1676 4440 Paulam
1717 4385 1995 4440 Urbicum:
2049 4384 2193 4437 Hier.
2233 4385 2367 4459 Opp.
2407 4386 2490 4442 ed.

191 4464 411 4525 Erasmus
446 4474 535 4539 IV,
574 4474 667 4526 fol.
696 4478 782 4528 90.
