<?xml version="1.0" encoding="UTF-8"?>
<!DOCTYPE html PUBLIC "-//W3C//DTD XHTML 1.0 Transitional//EN"
    "http://www.w3.org/TR/xhtml1/DTD/xhtml1-transitional.dtd">
<html xmlns="http://www.w3.org/1999/xhtml" xml:lang="en" lang="en">
 <head>
  <title>
</title>
<meta http-equiv="Content-Type" content="text/html;charset=utf-8" />
  <meta name='ocr-system' content='tesseract 3.04.00' />
  <meta name='ocr-capabilities' content='ocr_page ocr_carea ocr_par ocr_line ocrx_word'/>
</head>
<body>
  <div class='ocr_page' id='page_1' title='image "./johannreuchlins00geiggoog/johannreuchlins00geiggoog_0161.png"; bbox 0 0 2950 5042; ppageno 0'>
   <div class='ocr_carea' id='block_1_1' title="bbox 1338 399 1463 465">
    <p class='ocr_par' dir='ltr' id='par_1_1' title="bbox 1338 399 1463 465">
     <span class='ocr_line' id='line_1_1' title="bbox 1338 399 1463 465; baseline 0 0"><span class='ocrx_word' id='word_1_1' title='bbox 1338 399 1463 465; x_wconf 87' lang='grc'><strong>151</strong></span> 
     </span>
    </p>
   </div>
   <div class='ocr_carea' id='block_1_2' title="bbox 238 587 2572 2986">
    <p class='ocr_par' dir='ltr' id='par_1_2' title="bbox 238 587 2572 2986">
     <span class='ocr_line' id='line_1_2' title="bbox 264 587 2571 675; baseline 0.003 -20"><span class='ocrx_word' id='word_1_2' title='bbox 264 587 435 655; x_wconf 83' lang='lat' dir='ltr'><strong>simul</strong></span> <span class='ocrx_word' id='word_1_3' title='bbox 478 592 545 655; x_wconf 84' lang='lat' dir='ltr'><strong>et</strong></span> <span class='ocrx_word' id='word_1_4' title='bbox 586 588 1023 657; x_wconf 79' lang='lat' dir='ltr'><strong>amantissime</strong></span> <span class='ocrx_word' id='word_1_5' title='bbox 1079 609 1211 659; x_wconf 83' lang='lat' dir='ltr'><strong>una</strong></span> <span class='ocrx_word' id='word_1_6' title='bbox 1254 608 1403 659; x_wconf 88' lang='lat' dir='ltr'><strong>cum</strong></span> <span class='ocrx_word' id='word_1_7' title='bbox 1459 588 1762 675; x_wconf 81' lang='lat' dir='ltr'><strong>&#39;apologia</strong></span> <span class='ocrx_word' id='word_1_8' title='bbox 1819 594 1938 657; x_wconf 84' lang='lat' dir='ltr'><strong>tua</strong></span> <span class='ocrx_word' id='word_1_9' title='bbox 1985 594 2218 659; x_wconf 83' lang='lat' dir='ltr'><strong>contra</strong></span> <span class='ocrx_word' id='word_1_10' title='bbox 2271 590 2316 659; x_wconf 88' lang='lat' dir='ltr'><strong>J</strong></span> <span class='ocrx_word' id='word_1_11' title='bbox 2315 589 2571 661; x_wconf 68' lang='lat' dir='ltr'><strong>adeum</strong></span> 
     </span>
     <span class='ocr_line' id='line_1_3' title="bbox 265 692 2570 783; baseline 0.003 -24"><span class='ocrx_word' id='word_1_12' title='bbox 265 693 637 778; x_wconf 84' lang='lat' dir='ltr'><strong>baptizatum</strong></span> <span class='ocrx_word' id='word_1_13' title='bbox 704 694 1305 781; x_wconf 85' lang='lat' dir='ltr'><strong>Capniomasticem.</strong></span> <span class='ocrx_word' id='word_1_14' title='bbox 1398 694 1662 763; x_wconf 85' lang='lat' dir='ltr'><strong>Gratias</strong></span> <span class='ocrx_word' id='word_1_15' title='bbox 1725 692 1847 761; x_wconf 90' lang='lat' dir='ltr'><strong>tibi</strong></span> <span class='ocrx_word' id='word_1_16' title='bbox 1907 699 1976 761; x_wconf 84' lang='lat' dir='ltr'><strong>et</strong></span> <span class='ocrx_word' id='word_1_17' title='bbox 2031 693 2248 763; x_wconf 84' lang='lat' dir='ltr'><strong>habeo</strong></span> <span class='ocrx_word' id='word_1_18' title='bbox 2317 702 2388 763; x_wconf 89' lang='lat' dir='ltr'><strong>et</strong></span> <span class='ocrx_word' id='word_1_19' title='bbox 2447 707 2570 783; x_wconf 84' lang='lat' dir='ltr'><strong>ag&#39;o</strong></span> 
     </span>
     <span class='ocr_line' id='line_1_4' title="bbox 259 798 2568 884; baseline 0.002 -19"><span class='ocrx_word' id='word_1_20' title='bbox 259 798 635 867; x_wconf 82' lang='lat' dir='ltr'><strong>immortales</strong></span> <span class='ocrx_word' id='word_1_21' title='bbox 694 804 763 865; x_wconf 86' lang='lat' dir='ltr'><strong>et</strong></span> <span class='ocrx_word' id='word_1_22' title='bbox 812 820 933 883; x_wconf 91' lang='lat' dir='ltr'><strong>pro</strong></span> <span class='ocrx_word' id='word_1_23' title='bbox 976 798 1197 867; x_wconf 88' lang='lat' dir='ltr'><strong>libello</strong></span> <span class='ocrx_word' id='word_1_24' title='bbox 1256 799 1415 867; x_wconf 90' lang='lat' dir='ltr'><strong>mihi</strong></span> <span class='ocrx_word' id='word_1_25' title='bbox 1457 799 1656 869; x_wconf 87' lang='lat' dir='ltr'><strong>misso</strong></span> <span class='ocrx_word' id='word_1_26' title='bbox 1701 804 1772 865; x_wconf 88' lang='lat' dir='ltr'><strong>et</strong></span> <span class='ocrx_word' id='word_1_27' title='bbox 1812 818 1934 884; x_wconf 88' lang='lat' dir='ltr'><strong>pro</strong></span> <span class='ocrx_word' id='word_1_28' title='bbox 1979 798 2324 883; x_wconf 77' lang='lat' dir='ltr'><strong>signaculis</strong></span> <span class='ocrx_word' id='word_1_29' title='bbox 2367 799 2568 869; x_wconf 85' lang='lat' dir='ltr'><strong>adno-</strong></span> 
     </span>
     <span class='ocr_line' id='line_1_5' title="bbox 258 901 2572 989; baseline 0.001 -19"><span class='ocrx_word' id='word_1_30' title='bbox 258 904 413 971; x_wconf 83' lang='lat' dir='ltr'><strong>tatis.</strong></span> <span class='ocrx_word' id='word_1_31' title='bbox 508 904 597 971; x_wconf 83' lang='lat' dir='ltr'><strong>Et</strong></span> <span class='ocrx_word' id='word_1_32' title='bbox 658 924 807 973; x_wconf 85' lang='lat' dir='ltr'><strong>vere</strong></span> <span class='ocrx_word' id='word_1_33' title='bbox 862 903 1135 971; x_wconf 82' lang='lat' dir='ltr'><strong>dixerim</strong></span> <span class='ocrx_word' id='word_1_34' title='bbox 1193 904 1542 989; x_wconf 86' lang='lat' dir='ltr'><strong>signacula.</strong></span> <span class='ocrx_word' id='word_1_35' title='bbox 1643 902 1810 971; x_wconf 83' lang='lat' dir='ltr'><strong>Sunt</strong></span> <span class='ocrx_word' id='word_1_36' title='bbox 1867 901 2039 971; x_wconf 89' lang='lat' dir='ltr'><strong>enim</strong></span> <span class='ocrx_word' id='word_1_37' title='bbox 2095 902 2256 969; x_wconf 88' lang='lat' dir='ltr'><strong>mihi</strong></span> <span class='ocrx_word' id='word_1_38' title='bbox 2315 904 2572 989; x_wconf 84' lang='lat' dir='ltr'><strong>signata</strong></span> 
     </span>
     <span class='ocr_line' id='line_1_6' title="bbox 254 1006 2571 1095; baseline 0.001 -20"><span class='ocrx_word' id='word_1_39' title='bbox 254 1030 500 1092; x_wconf 87' lang='lat' dir='ltr'><strong>prorsus</strong></span> <span class='ocrx_word' id='word_1_40' title='bbox 552 1006 935 1077; x_wconf 85' lang='lat' dir='ltr'><strong>abscondita</strong></span> <span class='ocrx_word' id='word_1_41' title='bbox 1004 1016 1074 1075; x_wconf 88' lang='lat' dir='ltr'><strong>et</strong></span> <span class='ocrx_word' id='word_1_42' title='bbox 1136 1009 1459 1077; x_wconf 85' lang='lat' dir='ltr'><strong>abstrusa.</strong></span> <span class='ocrx_word' id='word_1_43' title='bbox 1558 1006 1878 1077; x_wconf 80' lang='lat' dir='ltr'><strong>Laboravi</strong></span> <span class='ocrx_word' id='word_1_44' title='bbox 1930 1007 2206 1075; x_wconf 86' lang='lat' dir='ltr'><strong>multum</strong></span> <span class='ocrx_word' id='word_1_45' title='bbox 2273 1028 2571 1095; x_wconf 77' lang='lat' dir='ltr'><strong>qnaerens</strong></span> 
     </span>
     <span class='ocr_line' id='line_1_7' title="bbox 254 1112 2570 1200; baseline 0.001 -21"><span class='ocrx_word' id='word_1_46' title='bbox 254 1120 313 1180; x_wconf 85' lang='lat' dir='ltr'><strong>et</strong></span> <span class='ocrx_word' id='word_1_47' title='bbox 358 1114 573 1199; x_wconf 82' lang='lat' dir='ltr'><strong>legens</strong></span> <span class='ocrx_word' id='word_1_48' title='bbox 590 1164 607 1195; x_wconf 91' lang='lat'>‚</span> <span class='ocrx_word' id='word_1_49' title='bbox 662 1120 731 1181; x_wconf 90' lang='lat' dir='ltr'><strong>et</strong></span> <span class='ocrx_word' id='word_1_50' title='bbox 786 1114 937 1182; x_wconf 90' lang='lat' dir='ltr'><strong>ideo</strong></span> <span class='ocrx_word' id='word_1_51' title='bbox 996 1113 1258 1200; x_wconf 88' lang='lat' dir='ltr'><strong>quidem</strong></span> <span class='ocrx_word' id='word_1_52' title='bbox 1316 1114 1632 1182; x_wconf 85' lang='lat' dir='ltr'><strong>hactenus</strong></span> <span class='ocrx_word' id='word_1_53' title='bbox 1683 1112 1771 1181; x_wconf 89' lang='lat' dir='ltr'><strong>ad</strong></span> <span class='ocrx_word' id='word_1_54' title='bbox 1835 1118 1902 1179; x_wconf 87' lang='lat' dir='ltr'><strong>te</strong></span> <span class='ocrx_word' id='word_1_55' title='bbox 1947 1112 2234 1181; x_wconf 87' lang='lat' dir='ltr'><strong>scribere</strong></span> <span class='ocrx_word' id='word_1_56' title='bbox 2277 1120 2570 1183; x_wconf 78' lang='lat' dir='ltr'><strong>moratus</strong></span> 
     </span>
     <span class='ocr_line' id='line_1_8' title="bbox 252 1216 2565 1305; baseline 0.001 -22"><span class='ocrx_word' id='word_1_57' title='bbox 252 1240 403 1299; x_wconf 89' lang='lat' dir='ltr'><strong>sum,</strong></span> <span class='ocrx_word' id='word_1_58' title='bbox 468 1219 588 1287; x_wconf 89' lang='lat' dir='ltr'><strong>sed</strong></span> <span class='ocrx_word' id='word_1_59' title='bbox 644 1219 749 1287; x_wconf 81' lang='lat' dir='ltr'><strong>vix</strong></span> <span class='ocrx_word' id='word_1_60' title='bbox 806 1239 1003 1287; x_wconf 88' lang='lat' dir='ltr'><strong>unum</strong></span> <span class='ocrx_word' id='word_1_61' title='bbox 1058 1225 1177 1287; x_wconf 87' lang='lat' dir='ltr'><strong>aut</strong></span> <span class='ocrx_word' id='word_1_62' title='bbox 1235 1218 1516 1287; x_wconf 86' lang='lat' dir='ltr'><strong>alterum</strong></span> <span class='ocrx_word' id='word_1_63' title='bbox 1575 1219 1838 1305; x_wconf 83' lang='lat' dir='ltr'><strong>aperire</strong></span> <span class='ocrx_word' id='word_1_64' title='bbox 1897 1218 2082 1303; x_wconf 87' lang='lat' dir='ltr'><strong>potui</strong></span> <span class='ocrx_word' id='word_1_65' title='bbox 2147 1216 2565 1303; x_wconf 80' lang='lat' dir='ltr'><strong>signaculum,</strong></span> 
     </span>
     <span class='ocr_line' id='line_1_9' title="bbox 250 1321 2564 1400; baseline 0.001 -13"><span class='ocrx_word' id='word_1_66' title='bbox 250 1323 419 1389; x_wconf 80' lang='lat' dir='ltr'><strong>labor</strong></span> <span class='ocrx_word' id='word_1_67' title='bbox 470 1330 693 1391; x_wconf 87' lang='lat' dir='ltr'><strong>tamen</strong></span> <span class='ocrx_word' id='word_1_68' title='bbox 747 1326 871 1391; x_wconf 87' lang='lat' dir='ltr'><strong>iste</strong></span> <span class='ocrx_word' id='word_1_69' title='bbox 932 1344 1062 1391; x_wconf 92' lang='lat' dir='ltr'><strong>non</strong></span> <span class='ocrx_word' id='word_1_70' title='bbox 1114 1322 1407 1400; x_wconf 68' lang='lat' dir='ltr'><strong>taedium,</strong></span> <span class='ocrx_word' id='word_1_71' title='bbox 1472 1321 1591 1389; x_wconf 90' lang='lat' dir='ltr'><strong>sed</strong></span> <span class='ocrx_word' id='word_1_72' title='bbox 1647 1322 2027 1391; x_wconf 83' lang='lat' dir='ltr'><strong>aviditatem</strong></span> <span class='ocrx_word' id='word_1_73' title='bbox 2071 1322 2362 1389; x_wconf 80' lang='lat' dir='ltr'><strong>incussit.</strong></span> <span class='ocrx_word' id='word_1_74' title='bbox 2453 1321 2564 1389; x_wconf 83' lang='lat' dir='ltr'><strong>Fit</strong></span> 
     </span>
     <span class='ocr_line' id='line_1_10' title="bbox 248 1426 2566 1516; baseline 0 -21"><span class='ocrx_word' id='word_1_75' title='bbox 248 1428 401 1495; x_wconf 86' lang='lat' dir='ltr'><strong>enim</strong></span> <span class='ocrx_word' id='word_1_76' title='bbox 468 1428 853 1515; x_wconf 88' lang='lat' dir='ltr'><strong>plerumque</strong></span> <span class='ocrx_word' id='word_1_77' title='bbox 872 1478 889 1510; x_wconf 93' lang='lat'><strong>‚</strong></span> <span class='ocrx_word' id='word_1_78' title='bbox 954 1436 1033 1497; x_wconf 86' lang='lat' dir='ltr'><strong>nt</strong></span> <span class='ocrx_word' id='word_1_79' title='bbox 1100 1427 1278 1516; x_wconf 91' lang='lat' dir='ltr'><strong>qnod</strong></span> <span class='ocrx_word' id='word_1_80' title='bbox 1341 1428 1734 1497; x_wconf 70' lang='lat' dir='ltr'><strong>laboriosius</strong></span> <span class='ocrx_word' id='word_1_81' title='bbox 1791 1426 2182 1513; x_wconf 85' lang='lat' dir='ltr'><strong>acquiritur,</strong></span> <span class='ocrx_word' id='word_1_82' title='bbox 2245 1426 2315 1493; x_wconf 90' lang='lat' dir='ltr'><strong>id</strong></span> <span class='ocrx_word' id='word_1_83' title='bbox 2369 1427 2566 1495; x_wconf 84' lang='lat' dir='ltr'><strong>etiam</strong></span> 
     </span>
     <span class='ocr_line' id='line_1_11' title="bbox 248 1529 2567 1621; baseline 0 -22"><span class='ocrx_word' id='word_1_84' title='bbox 248 1532 489 1601; x_wconf 86' lang='lat' dir='ltr'><strong>charius</strong></span> <span class='ocrx_word' id='word_1_85' title='bbox 536 1533 891 1616; x_wconf 76' lang='lat' dir='ltr'><strong>habeatur,</strong></span> <span class='ocrx_word' id='word_1_86' title='bbox 948 1540 1019 1601; x_wconf 86' lang='lat' dir='ltr'><strong>et</strong></span> <span class='ocrx_word' id='word_1_87' title='bbox 1063 1533 1239 1621; x_wconf 87' lang='lat' dir='ltr'><strong>quod</strong></span> <span class='ocrx_word' id='word_1_88' title='bbox 1282 1533 1536 1619; x_wconf 87' lang='lat' dir='ltr'><strong>longius</strong></span> <span class='ocrx_word' id='word_1_89' title='bbox 1581 1532 1901 1613; x_wconf 82' lang='lat' dir='ltr'><strong>differtur,</strong></span> <span class='ocrx_word' id='word_1_90' title='bbox 1947 1531 2211 1599; x_wconf 81' lang='lat' dir='ltr'><strong>tandem</strong></span> <span class='ocrx_word' id='word_1_91' title='bbox 2257 1529 2567 1617; x_wconf 87' lang='lat' dir='ltr'><strong>adeptum</strong></span> 
     </span>
     <span class='ocr_line' id='line_1_12' title="bbox 244 1636 2564 1725; baseline -0.001 -20"><span class='ocrx_word' id='word_1_92' title='bbox 244 1644 545 1723; x_wconf 77' lang='lat' dir='ltr'><strong>appareat</strong></span> <span class='ocrx_word' id='word_1_93' title='bbox 588 1639 859 1707; x_wconf 82' lang='lat' dir='ltr'><strong>dulcius.</strong></span> <span class='ocrx_word' id='word_1_94' title='bbox 948 1639 1195 1708; x_wconf 79' lang='lat' dir='ltr'><strong>Facilis.</strong></span> <span class='ocrx_word' id='word_1_95' title='bbox 1236 1640 1408 1707; x_wconf 89' lang='lat' dir='ltr'><strong>enim</strong></span> <span class='ocrx_word' id='word_1_96' title='bbox 1453 1658 1874 1725; x_wconf 56' lang='lat' dir='ltr'><strong>quascumque</strong></span> <span class='ocrx_word' id='word_1_97' title='bbox 1915 1636 2273 1705; x_wconf 84' lang='lat' dir='ltr'><strong>contemtui</strong></span> <span class='ocrx_word' id='word_1_98' title='bbox 2315 1641 2564 1721; x_wconf 84' lang='lat' dir='ltr'><strong>patent.</strong></span> 
     </span>
     <span class='ocr_line' id='line_1_13' title="bbox 245 1741 2569 1829; baseline -0 -20"><span class='ocrx_word' id='word_1_99' title='bbox 245 1744 505 1811; x_wconf 84' lang='lat' dir='ltr'><strong>Tantum</strong></span> <span class='ocrx_word' id='word_1_100' title='bbox 561 1746 790 1829; x_wconf 84' lang='lat' dir='ltr'><strong>itaque</strong></span> <span class='ocrx_word' id='word_1_101' title='bbox 846 1744 1187 1813; x_wconf 81' lang='lat' dir='ltr'><strong>inardesco</strong></span> <span class='ocrx_word' id='word_1_102' title='bbox 1246 1743 1335 1810; x_wconf 86' lang='lat' dir='ltr'><strong>ad</strong></span> <span class='ocrx_word' id='word_1_103' title='bbox 1386 1743 1863 1829; x_wconf 79' lang='lat' dir='ltr'><strong>signaculorum</strong></span> <span class='ocrx_word' id='word_1_104' title='bbox 1921 1741 2444 1826; x_wconf 74' lang='lat' dir='ltr'><strong>resignationem,</strong></span> <span class='ocrx_word' id='word_1_105' title='bbox 2489 1746 2569 1808; x_wconf 80' lang='lat' dir='ltr'><strong>ut</strong></span> 
     </span>
     <span class='ocr_line' id='line_1_14' title="bbox 242 1845 2568 1935; baseline -0.002 -21"><span class='ocrx_word' id='word_1_106' title='bbox 242 1849 431 1933; x_wconf 82' lang='lat' dir='ltr'><strong>magis</strong></span> <span class='ocrx_word' id='word_1_107' title='bbox 474 1870 611 1915; x_wconf 90' lang='lat' dir='ltr'><strong>non</strong></span> <span class='ocrx_word' id='word_1_108' title='bbox 656 1850 917 1933; x_wconf 89' lang='lat' dir='ltr'><strong>possim.</strong></span> <span class='ocrx_word' id='word_1_109' title='bbox 1008 1849 1137 1917; x_wconf 89' lang='lat' dir='ltr'><strong>Sed</strong></span> <span class='ocrx_word' id='word_1_110' title='bbox 1180 1871 1301 1917; x_wconf 88' lang='lat' dir='ltr'><strong>nec</strong></span> <span class='ocrx_word' id='word_1_111' title='bbox 1346 1866 1634 1935; x_wconf 84' lang='lat' dir='ltr'><strong>unquam</strong></span> <span class='ocrx_word' id='word_1_112' title='bbox 1679 1870 1824 1917; x_wconf 88' lang='lat' dir='ltr'><strong>meo</strong></span> <span class='ocrx_word' id='word_1_113' title='bbox 1869 1847 1938 1915; x_wconf 89' lang='lat' dir='ltr'><strong>id</strong></span> <span class='ocrx_word' id='word_1_114' title='bbox 1981 1846 2199 1915; x_wconf 85' lang='lat' dir='ltr'><strong>studio</strong></span> <span class='ocrx_word' id='word_1_115' title='bbox 2255 1845 2568 1930; x_wconf 85' lang='lat' dir='ltr'><strong>consequi</strong></span> 
     </span>
     <span class='ocr_line' id='line_1_15' title="bbox 241 1950 2565 2039; baseline -0.001 -20"><span class='ocrx_word' id='word_1_116' title='bbox 241 1974 415 2036; x_wconf 87' lang='lat' dir='ltr'><strong>posse</strong></span> <span class='ocrx_word' id='word_1_117' title='bbox 464 1954 887 2039; x_wconf 85' lang='lat' dir='ltr'><strong>speraverim.</strong></span> <span class='ocrx_word' id='word_1_118' title='bbox 978 1954 1152 2034; x_wconf 85' lang='lat' dir='ltr'><strong>Quid</strong></span> <span class='ocrx_word' id='word_1_119' title='bbox 1195 1975 1348 2038; x_wconf 89' lang='lat' dir='ltr'><strong>ergo</strong></span> <span class='ocrx_word' id='word_1_120' title='bbox 1396 1952 1632 2019; x_wconf 86' lang='lat' dir='ltr'><strong>faciam</strong></span> <span class='ocrx_word' id='word_1_121' title='bbox 1647 1955 1679 2021; x_wconf 70' lang='grc' dir='ltr'>Ρ</span> <span class='ocrx_word' id='word_1_122' title='bbox 1767 1952 2100 2021; x_wconf 87' lang='lat' dir='ltr'><strong>Desistere</strong></span> <span class='ocrx_word' id='word_1_123' title='bbox 2138 1950 2225 2018; x_wconf 89' lang='lat' dir='ltr'><strong>ab</strong></span> <span class='ocrx_word' id='word_1_124' title='bbox 2265 1950 2565 2035; x_wconf 85' lang='lat' dir='ltr'><strong>incoepto</strong></span> 
     </span>
     <span class='ocr_line' id='line_1_16' title="bbox 240 2052 2567 2142; baseline -0.001 -19"><span class='ocrx_word' id='word_1_125' title='bbox 240 2056 671 2125; x_wconf 86' lang='lat' dir='ltr'><strong>difficillimum</strong></span> <span class='ocrx_word' id='word_1_126' title='bbox 732 2058 891 2125; x_wconf 89' lang='lat' dir='ltr'><strong>mihi</strong></span> <span class='ocrx_word' id='word_1_127' title='bbox 946 2059 1149 2142; x_wconf 85' lang='lat' dir='ltr'><strong>foret,</strong></span> <span class='ocrx_word' id='word_1_128' title='bbox 1211 2058 1328 2127; x_wconf 92' lang='lat' dir='ltr'><strong>sed</strong></span> <span class='ocrx_word' id='word_1_129' title='bbox 1385 2079 1506 2125; x_wconf 88' lang='lat' dir='ltr'><strong>nec</strong></span> <span class='ocrx_word' id='word_1_130' title='bbox 1559 2079 1602 2124; x_wconf 86' lang='lat' dir='ltr'><strong>a</strong></span> <span class='ocrx_word' id='word_1_131' title='bbox 1653 2063 1751 2141; x_wconf 84' lang='lat' dir='ltr'><strong>te,</strong></span> <span class='ocrx_word' id='word_1_132' title='bbox 1808 2055 2272 2126; x_wconf 82' lang='lat' dir='ltr'><strong>humanissime</strong></span> <span class='ocrx_word' id='word_1_133' title='bbox 2329 2054 2445 2137; x_wconf 83' lang='lat' dir='ltr'><strong>vir,</strong></span> <span class='ocrx_word' id='word_1_134' title='bbox 2495 2052 2567 2123; x_wconf 93' lang='lat' dir='ltr'><strong>id</strong></span> 
     </span>
     <span class='ocr_line' id='line_1_17' title="bbox 240 2158 2568 2249; baseline -0.003 -18"><span class='ocrx_word' id='word_1_135' title='bbox 240 2182 483 2231; x_wconf 86' lang='lat' dir='ltr'><strong>rursum</strong></span> <span class='ocrx_word' id='word_1_136' title='bbox 539 2170 765 2248; x_wconf 90' lang='lat' dir='ltr'><strong>petere</strong></span> <span class='ocrx_word' id='word_1_137' title='bbox 810 2184 1151 2248; x_wconf 69' lang='lat' dir='ltr'><strong>praesumo.</strong></span> <span class='ocrx_word' id='word_1_138' title='bbox 1241 2164 1404 2232; x_wconf 81' lang='lat' dir='ltr'><strong>Novi</strong></span> <span class='ocrx_word' id='word_1_139' title='bbox 1450 2164 1622 2231; x_wconf 90' lang='lat' dir='ltr'><strong>enim</strong></span> <span class='ocrx_word' id='word_1_140' title='bbox 1667 2164 2124 2249; x_wconf 81' lang='lat' dir='ltr'><strong>occupationes</strong></span> <span class='ocrx_word' id='word_1_141' title='bbox 2170 2167 2318 2227; x_wconf 88' lang='lat' dir='ltr'><strong>tuas</strong></span> <span class='ocrx_word' id='word_1_142' title='bbox 2334 2209 2352 2242; x_wconf 90' lang='lat'><strong>,</strong></span> <span class='ocrx_word' id='word_1_143' title='bbox 2417 2158 2568 2228; x_wconf 85' lang='lat' dir='ltr'><strong>novi</strong></span> 
     </span>
     <span class='ocr_line' id='line_1_18' title="bbox 239 2264 2567 2361; baseline -0.001 -28"><span class='ocrx_word' id='word_1_144' title='bbox 239 2269 479 2352; x_wconf 85' lang='lat' dir='ltr'><strong>quoties</strong></span> <span class='ocrx_word' id='word_1_145' title='bbox 532 2267 713 2335; x_wconf 88' lang='lat' dir='ltr'><strong>oneri</strong></span> <span class='ocrx_word' id='word_1_146' title='bbox 760 2268 884 2334; x_wconf 89' lang='lat' dir='ltr'><strong>tibi</strong></span> <span class='ocrx_word' id='word_1_147' title='bbox 928 2267 1158 2361; x_wconf 81' lang='lat' dir='ltr'><strong>fuerim</strong></span> <span class='ocrx_word' id='word_1_148' title='bbox 1204 2268 1416 2335; x_wconf 88' lang='lat' dir='ltr'><strong>literis</strong></span> <span class='ocrx_word' id='word_1_149' title='bbox 1460 2268 1643 2336; x_wconf 86' lang='lat' dir='ltr'><strong>meis.</strong></span> <span class='ocrx_word' id='word_1_150' title='bbox 1733 2268 1901 2348; x_wconf 85' lang='lat' dir='ltr'><strong>Quid</strong></span> <span class='ocrx_word' id='word_1_151' title='bbox 1947 2269 2144 2353; x_wconf 78' lang='lat' dir='ltr'><strong>ergo?</strong></span> <span class='ocrx_word' id='word_1_152' title='bbox 2232 2266 2330 2333; x_wconf 91' lang='lat' dir='ltr'><strong>Tu</strong></span> <span class='ocrx_word' id='word_1_153' title='bbox 2388 2264 2567 2331; x_wconf 81' lang='lat' dir='ltr'><strong>vides</strong></span> 
     </span>
     <span class='ocr_line' id='line_1_19' title="bbox 238 2370 2565 2460; baseline 0 -23"><span class='ocrx_word' id='word_1_154' title='bbox 238 2372 519 2440; x_wconf 83' lang='lat' dir='ltr'><strong>laborem</strong></span> <span class='ocrx_word' id='word_1_155' title='bbox 581 2378 650 2439; x_wconf 86' lang='lat' dir='ltr'><strong>et</strong></span> <span class='ocrx_word' id='word_1_156' title='bbox 704 2373 993 2441; x_wconf 89' lang='lat' dir='ltr'><strong>dolorem</strong></span> <span class='ocrx_word' id='word_1_157' title='bbox 1052 2394 1284 2441; x_wconf 89' lang='lat' dir='ltr'><strong>meum.</strong></span> <span class='ocrx_word' id='word_1_158' title='bbox 1376 2373 1446 2439; x_wconf 89' lang='lat' dir='ltr'><strong>Si</strong></span> <span class='ocrx_word' id='word_1_159' title='bbox 1500 2373 1615 2455; x_wconf 87' lang='lat' dir='ltr'><strong>vis,</strong></span> <span class='ocrx_word' id='word_1_160' title='bbox 1677 2378 1878 2460; x_wconf 70' lang='lat' dir='ltr'><strong>potes·</strong></span> <span class='ocrx_word' id='word_1_161' title='bbox 1925 2393 2030 2441; x_wconf 91' lang='lat' dir='ltr'><strong>me</strong></span> <span class='ocrx_word' id='word_1_162' title='bbox 2086 2373 2334 2458; x_wconf 77' lang='lat' dir='ltr'><strong>juvare.</strong></span> <span class='ocrx_word' id='word_1_163' title='bbox 2424 2370 2565 2438; x_wconf 91' lang='lat' dir='ltr'><strong>Hoc</strong></span> 
     </span>
     <span class='ocr_line' id='line_1_20' title="bbox 240 2475 2569 2564; baseline -0.001 -19"><span class='ocrx_word' id='word_1_164' title='bbox 240 2484 461 2559; x_wconf 78' lang='lat' dir='ltr'><strong>tamen,</strong></span> <span class='ocrx_word' id='word_1_165' title='bbox 511 2484 589 2545; x_wconf 86' lang='lat' dir='ltr'><strong>ut</strong></span> <span class='ocrx_word' id='word_1_166' title='bbox 636 2478 789 2559; x_wconf 79' lang='lat' dir='ltr'><strong>dixi,</strong></span> <span class='ocrx_word' id='word_1_167' title='bbox 836 2500 879 2545; x_wconf 87' lang='lat' dir='ltr'><strong>a</strong></span> <span class='ocrx_word' id='word_1_168' title='bbox 922 2484 990 2546; x_wconf 89' lang='lat' dir='ltr'><strong>te</strong></span> <span class='ocrx_word' id='word_1_169' title='bbox 1034 2485 1260 2564; x_wconf 88' lang='lat' dir='ltr'><strong>petere</strong></span> <span class='ocrx_word' id='word_1_170' title='bbox 1304 2499 1435 2545; x_wconf 87' lang='lat' dir='ltr'><strong>non</strong></span> <span class='ocrx_word' id='word_1_171' title='bbox 1476 2478 1706 2547; x_wconf 89' lang='lat' dir='ltr'><strong>audeo.</strong></span> <span class='ocrx_word' id='word_1_172' title='bbox 1797 2476 1866 2545; x_wconf 90' lang='lat' dir='ltr'><strong>Si</strong></span> <span class='ocrx_word' id='word_1_173' title='bbox 1911 2483 2130 2545; x_wconf 89' lang='lat' dir='ltr'><strong>tamen</strong></span> <span class='ocrx_word' id='word_1_174' title='bbox 2174 2476 2407 2543; x_wconf 84' lang='lat' dir='ltr'><strong>feceris</strong></span> <span class='ocrx_word' id='word_1_175' title='bbox 2451 2475 2569 2542; x_wconf 92' lang='lat' dir='ltr'><strong>im-</strong></span> 
     </span>
     <span class='ocr_line' id='line_1_21' title="bbox 239 2580 2564 2668; baseline -0 -21"><span class='ocrx_word' id='word_1_176' title='bbox 239 2585 486 2651; x_wconf 79' lang='lat' dir='ltr'><strong>mortali</strong></span> <span class='ocrx_word' id='word_1_177' title='bbox 552 2604 657 2651; x_wconf 89' lang='lat' dir='ltr'><strong>me</strong></span> <span class='ocrx_word' id='word_1_178' title='bbox 718 2582 1030 2651; x_wconf 87' lang='lat' dir='ltr'><strong>beneficio</strong></span> <span class='ocrx_word' id='word_1_179' title='bbox 1088 2583 1325 2651; x_wconf 83' lang='lat' dir='ltr'><strong>afficies</strong></span> <span class='ocrx_word' id='word_1_180' title='bbox 1380 2590 1898 2668; x_wconf 86' lang='lat' dir='ltr'><strong>perpetuumque</strong></span> <span class='ocrx_word' id='word_1_181' title='bbox 1957 2580 2320 2649; x_wconf 78' lang='lat' dir='ltr'><strong>debitorem</strong></span> <span class='ocrx_word' id='word_1_182' title='bbox 2377 2587 2564 2648; x_wconf 83' lang='lat' dir='ltr'><strong>tuum</strong></span> 
     </span>
     <span class='ocr_line' id='line_1_22' title="bbox 238 2686 2564 2769; baseline -0 -16"><span class='ocrx_word' id='word_1_183' title='bbox 238 2690 606 2757; x_wconf 78' lang='lat' dir='ltr'><strong>constitues.</strong></span> <span class='ocrx_word' id='word_1_184' title='bbox 713 2688 871 2755; x_wconf 87' lang='lat' dir='ltr'><strong>Vale</strong></span> <span class='ocrx_word' id='word_1_185' title='bbox 945 2687 1124 2755; x_wconf 83' lang='lat' dir='ltr'><strong>foelix</strong></span> <span class='ocrx_word' id='word_1_186' title='bbox 1137 2736 1155 2769; x_wconf 91' lang='lat'><strong>,</strong></span> <span class='ocrx_word' id='word_1_187' title='bbox 1215 2688 1572 2755; x_wconf 85' lang='lat' dir='ltr'><strong>amicornm</strong></span> <span class='ocrx_word' id='word_1_188' title='bbox 1639 2686 2249 2767; x_wconf 82' lang='lat' dir='ltr'><strong>observandissime,</strong></span> <span class='ocrx_word' id='word_1_189' title='bbox 2333 2691 2401 2753; x_wconf 85' lang='lat' dir='ltr'><strong>et</strong></span> <span class='ocrx_word' id='word_1_190' title='bbox 2459 2706 2564 2752; x_wconf 92' lang='lat' dir='ltr'><strong>me</strong></span> 
     </span>
     <span class='ocr_line' id='line_1_23' title="bbox 238 2790 2564 2877; baseline -0.001 -20"><span class='ocrx_word' id='word_1_191' title='bbox 238 2793 326 2859; x_wconf 87' lang='lat' dir='ltr'><strong>tui</strong></span> <span class='ocrx_word' id='word_1_192' title='bbox 366 2794 649 2861; x_wconf 88' lang='lat' dir='ltr'><strong>nominis</strong></span> <span class='ocrx_word' id='word_1_193' title='bbox 694 2800 761 2859; x_wconf 87' lang='lat' dir='ltr'><strong>et</strong></span> <span class='ocrx_word' id='word_1_194' title='bbox 804 2792 1067 2860; x_wconf 85' lang='lat' dir='ltr'><strong>honoris</strong></span> <span class='ocrx_word' id='word_1_195' title='bbox 1109 2812 1471 2877; x_wconf 78' lang='lat' dir='ltr'><strong>praeconem</strong></span> <span class='ocrx_word' id='word_1_196' title='bbox 1519 2812 1662 2858; x_wconf 90' lang='lat' dir='ltr'><strong>esse</strong></span> <span class='ocrx_word' id='word_1_197' title='bbox 1707 2798 1888 2859; x_wconf 88' lang='lat' dir='ltr'><strong>certo</strong></span> <span class='ocrx_word' id='word_1_198' title='bbox 1918 2790 2162 2859; x_wconf 85' lang='lat' dir='ltr'><strong>certius</strong></span> <span class='ocrx_word' id='word_1_199' title='bbox 2209 2791 2394 2859; x_wconf 84' lang='lat' dir='ltr'><strong>scias.</strong></span> <span class='ocrx_word' id='word_1_200' title='bbox 2464 2790 2564 2857; x_wconf 86' lang='lat' dir='ltr'><strong>Ex</strong></span> 
     </span>
     <span class='ocr_line' id='line_1_24' title="bbox 239 2897 1708 2986; baseline 0 -23"><span class='ocrx_word' id='word_1_201' title='bbox 239 2897 632 2986; x_wconf 84' lang='lat' dir='ltr'><strong>Ottenpnrra</strong></span> <span class='ocrx_word' id='word_1_202' title='bbox 676 2898 885 2983; x_wconf 88' lang='lat' dir='ltr'><strong>pridie</strong></span> <span class='ocrx_word' id='word_1_203' title='bbox 930 2898 1077 2965; x_wconf 82' lang='lat' dir='ltr'><strong>idus</strong></span> <span class='ocrx_word' id='word_1_204' title='bbox 1121 2897 1164 2965; x_wconf 85' lang='lat' dir='ltr'><strong>J</strong></span> <span class='ocrx_word' id='word_1_205' title='bbox 1164 2897 1467 2965; x_wconf 82' lang='lat' dir='ltr'><strong>annarias</strong></span> <span class='ocrx_word' id='word_1_206' title='bbox 1521 2902 1708 2963; x_wconf 85' lang='lat'><strong>1512.</strong></span> 
     </span>
    </p>
   </div>
   <div class='ocr_carea' id='block_1_3' title="bbox 400 3016 1884 3099">
    <p class='ocr_par' dir='ltr' id='par_1_3' title="bbox 400 3016 1884 3099">
     <span class='ocr_line' id='line_1_25' title="bbox 400 3016 1884 3099; baseline -0.002 -15"><span class='ocrx_word' id='word_1_207' title='bbox 400 3025 552 3084; x_wconf 82' lang='lat' dir='ltr'><strong>Msc.</strong></span> <span class='ocrx_word' id='word_1_208' title='bbox 584 3024 891 3099; x_wconf 88' lang='lat' dir='ltr'><strong>Ellenbog.</strong></span> <span class='ocrx_word' id='word_1_209' title='bbox 926 3025 1025 3085; x_wconf 89' lang='lat' dir='ltr'><strong>lib.</strong></span> <span class='ocrx_word' id='word_1_210' title='bbox 1058 3022 1117 3083; x_wconf 92' lang='lat'><strong>11</strong></span> <span class='ocrx_word' id='word_1_211' title='bbox 1148 3024 1315 3098; x_wconf 84' lang='lat' dir='ltr'><strong>epist.</strong></span> <span class='ocrx_word' id='word_1_212' title='bbox 1354 3025 1433 3083; x_wconf 87' lang='grc'><strong>23</strong></span> <span class='ocrx_word' id='word_1_213' title='bbox 1468 3022 1568 3084; x_wconf 80' lang='lat' dir='ltr'><strong>fol.</strong></span> <span class='ocrx_word' id='word_1_214' title='bbox 1609 3016 1772 3085; x_wconf 74' lang='lat'><strong>113¹&gt;</strong></span> <span class='ocrx_word' id='word_1_215' title='bbox 1793 3038 1884 3097; x_wconf 86' lang='lat' dir='ltr'><strong>sq.</strong></span> 
     </span>
    </p>
   </div>
   <div class='ocr_carea' id='block_1_4' title="bbox 370 3276 2494 3431">
    <p class='ocr_par' dir='ltr' id='par_1_4' title="bbox 370 3276 2494 3431">
     <span class='ocr_line' id='line_1_26' title="bbox 1209 3276 1584 3344; baseline -0.005 0"><span class='ocrx_word' id='word_1_216' title='bbox 1209 3276 1584 3344; x_wconf 86' lang='lat' dir='ltr'><strong>CXXXVII.</strong></span> 
     </span>
     <span class='ocr_line' id='line_1_27' title="bbox 370 3364 2494 3431; baseline 0 -15"><span class='ocrx_word' id='word_1_217' title='bbox 370 3366 654 3431; x_wconf 72' lang='lat' dir='ltr'><strong>stuttgart.</strong></span> <span class='ocrx_word' id='word_1_218' title='bbox 2069 3370 2136 3417; x_wconf 76' lang='lat'><strong>2⁷</strong></span> <span class='ocrx_word' id='word_1_219' title='bbox 2173 3364 2297 3417; x_wconf 79' lang='lat' dir='ltr'><strong>Jan.</strong></span> <span class='ocrx_word' id='word_1_220' title='bbox 2340 3364 2494 3416; x_wconf 83' lang='lat'><strong>1512.</strong></span> 
     </span>
    </p>
   </div>
   <div class='ocr_carea' id='block_1_5' title="bbox 238 3496 2566 3722">
    <p class='ocr_par' dir='ltr' id='par_1_5' title="bbox 238 3496 2566 3722">
     <span class='ocr_line' id='line_1_28' title="bbox 238 3496 2566 3575; baseline 0 -4"><span class='ocrx_word' id='word_1_221' title='bbox 238 3496 284 3571; x_wconf 84' lang='lat' dir='ltr'><strong>J</strong></span> <span class='ocrx_word' id='word_1_222' title='bbox 287 3524 561 3573; x_wconf 83' lang='lat' dir='ltr'><strong>oannes</strong></span> <span class='ocrx_word' id='word_1_223' title='bbox 616 3496 983 3573; x_wconf 87' lang='lat' dir='ltr'><strong>Reuchlin</strong></span> <span class='ocrx_word' id='word_1_224' title='bbox 1036 3497 1473 3575; x_wconf 81' lang='lat' dir='ltr'><strong>Phorcensis</strong></span> <span class='ocrx_word' id='word_1_225' title='bbox 1531 3497 1681 3573; x_wconf 89' lang='lat' dir='ltr'><strong>LL.</strong></span> <span class='ocrx_word' id='word_1_226' title='bbox 1751 3497 2009 3572; x_wconf 88' lang='lat' dir='ltr'><strong>doctor</strong></span> <span class='ocrx_word' id='word_1_227' title='bbox 2072 3496 2566 3573; x_wconf 73' lang='lat' dir='ltr'><strong>celeberrimae</strong></span> 
     </span>
     <span class='ocr_line' id='line_1_29' title="bbox 469 3617 2330 3722; baseline -0.001 -29"><span class='ocrx_word' id='word_1_228' title='bbox 469 3620 811 3695; x_wconf 82' lang='lat' dir='ltr'><strong>facultati</strong></span> <span class='ocrx_word' id='word_1_229' title='bbox 862 3621 1307 3722; x_wconf 72' lang='lat' dir='ltr'><strong>theologicae</strong></span> <span class='ocrx_word' id='word_1_230' title='bbox 1361 3620 1807 3697; x_wconf 81' lang='lat' dir='ltr'><strong>Coloniensi.</strong></span> <span class='ocrx_word' id='word_1_231' title='bbox 1865 3620 1950 3695; x_wconf 91' lang='lat' dir='ltr'><strong>P.</strong></span> <span class='ocrx_word' id='word_1_232' title='bbox 2008 3644 2064 3694; x_wconf 81' lang='lat' dir='ltr'><strong>S.</strong></span> <span class='ocrx_word' id='word_1_233' title='bbox 2124 3617 2196 3693; x_wconf 88' lang='lat' dir='ltr'><strong>d.</strong></span> <span class='ocrx_word' id='word_1_234' title='bbox 2256 3647 2330 3719; x_wconf 90' lang='lat' dir='ltr'><strong>p.</strong></span> 
     </span>
    </p>
   </div>
   <div class='ocr_carea' id='block_1_6' title="bbox 243 3825 2568 4336">
    <p class='ocr_par' dir='ltr' id='par_1_6' title="bbox 243 3825 2568 4336">
     <span class='ocr_line' id='line_1_30' title="bbox 408 3825 2566 3912; baseline -0.001 -17"><span class='ocrx_word' id='word_1_235' title='bbox 408 3829 511 3895; x_wconf 87' lang='lat' dir='ltr'><strong>Ad</strong></span> <span class='ocrx_word' id='word_1_236' title='bbox 543 3829 805 3895; x_wconf 88' lang='lat' dir='ltr'><strong>circiter</strong></span> <span class='ocrx_word' id='word_1_237' title='bbox 839 3834 918 3895; x_wconf 88' lang='lat'><strong>17</strong></span> <span class='ocrx_word' id='word_1_238' title='bbox 950 3830 1094 3897; x_wconf 84' lang='lat' dir='ltr'><strong>Kal.</strong></span> <span class='ocrx_word' id='word_1_239' title='bbox 1123 3830 1536 3912; x_wconf 84' lang='lat' dir='ltr'><strong>Februarias,</strong></span> <span class='ocrx_word' id='word_1_240' title='bbox 1582 3828 2018 3897; x_wconf 86' lang='lat' dir='ltr'><strong>colendissimi</strong></span> <span class='ocrx_word' id='word_1_241' title='bbox 2046 3828 2298 3907; x_wconf 88' lang='lat' dir='ltr'><strong>Patres,</strong></span> <span class='ocrx_word' id='word_1_242' title='bbox 2345 3825 2566 3893; x_wconf 84' lang='lat' dir='ltr'><strong>eximii</strong></span> 
     </span>
     <span class='ocr_line' id='line_1_31' title="bbox 243 3927 2568 4017; baseline -0.002 -16"><span class='ocrx_word' id='word_1_243' title='bbox 243 3956 569 4002; x_wconf 85' lang='lat' dir='ltr'><strong>sacrarum</strong></span> <span class='ocrx_word' id='word_1_244' title='bbox 615 3933 953 4001; x_wconf 86' lang='lat' dir='ltr'><strong>literarum</strong></span> <span class='ocrx_word' id='word_1_245' title='bbox 998 3933 1333 4017; x_wconf 89' lang='lat' dir='ltr'><strong>doctores,</strong></span> <span class='ocrx_word' id='word_1_246' title='bbox 1382 3927 1652 4001; x_wconf 63' lang='lat' dir='ltr'><strong>vreddita</strong></span> <span class='ocrx_word' id='word_1_247' title='bbox 1696 3939 1799 4001; x_wconf 87' lang='lat' dir='ltr'><strong>est</strong></span> <span class='ocrx_word' id='word_1_248' title='bbox 1849 3932 2008 3999; x_wconf 91' lang='lat' dir='ltr'><strong>mihi</strong></span> <span class='ocrx_word' id='word_1_249' title='bbox 2063 3931 2338 4017; x_wconf 88' lang='lat' dir='ltr'><strong>epistola</strong></span> <span class='ocrx_word' id='word_1_250' title='bbox 2397 3952 2568 4017; x_wconf 82' lang='lat' dir='ltr'><strong>quse-</strong></span> 
     </span>
     <span class='ocr_line' id='line_1_32' title="bbox 244 4036 2568 4125; baseline -0.001 -20"><span class='ocrx_word' id='word_1_251' title='bbox 244 4038 383 4105; x_wconf 86' lang='lat' dir='ltr'><strong>dam</strong></span> <span class='ocrx_word' id='word_1_252' title='bbox 427 4046 647 4107; x_wconf 84' lang='lat' dir='ltr'><strong>vestra</strong></span> <span class='ocrx_word' id='word_1_253' title='bbox 662 4089 679 4121; x_wconf 90' lang='lat'><strong>,</strong></span> <span class='ocrx_word' id='word_1_254' title='bbox 742 4040 914 4105; x_wconf 89' lang='lat' dir='ltr'><strong>omni</strong></span> <span class='ocrx_word' id='word_1_255' title='bbox 972 4061 1208 4124; x_wconf 86' lang='lat' dir='ltr'><strong>genere</strong></span> <span class='ocrx_word' id='word_1_256' title='bbox 1253 4040 1648 4125; x_wconf 89' lang='lat' dir='ltr'><strong>optimarum</strong></span> <span class='ocrx_word' id='word_1_257' title='bbox 1702 4039 2017 4106; x_wconf 80' lang='lat' dir='ltr'><strong>virtutum</strong></span> <span class='ocrx_word' id='word_1_258' title='bbox 2053 4038 2075 4078; x_wconf 86' lang='lat'>¹</span> <span class='ocrx_word' id='word_1_259' title='bbox 2125 4036 2447 4122; x_wconf 79' lang='lat' dir='ltr'><strong>insignita,</strong></span> <span class='ocrx_word' id='word_1_260' title='bbox 2491 4042 2568 4104; x_wconf 88' lang='lat' dir='ltr'><strong>ut</strong></span> 
     </span>
     <span class='ocr_line' id='line_1_33' title="bbox 245 4142 2566 4232; baseline 0 -23"><span class='ocrx_word' id='word_1_261' title='bbox 245 4162 378 4227; x_wconf 80' lang='lat' dir='ltr'><strong>quoe</strong></span> <span class='ocrx_word' id='word_1_262' title='bbox 435 4165 478 4210; x_wconf 87' lang='lat' dir='ltr'><strong>a</strong></span> <span class='ocrx_word' id='word_1_263' title='bbox 540 4150 721 4211; x_wconf 90' lang='lat' dir='ltr'><strong>recte</strong></span> <span class='ocrx_word' id='word_1_264' title='bbox 781 4143 1033 4209; x_wconf 86' lang='lat' dir='ltr'><strong>vivendi</strong></span> <span class='ocrx_word' id='word_1_265' title='bbox 1093 4145 1545 4232; x_wconf 86' lang='lat' dir='ltr'><strong>sentiendique</strong></span> <span class='ocrx_word' id='word_1_266' title='bbox 1607 4143 1857 4210; x_wconf 89' lang='lat' dir='ltr'><strong>officina</strong></span> <span class='ocrx_word' id='word_1_267' title='bbox 1926 4142 2343 4227; x_wconf 86' lang='lat' dir='ltr'><strong>processerit,</strong></span> <span class='ocrx_word' id='word_1_268' title='bbox 2407 4142 2566 4209; x_wconf 87' lang='lat' dir='ltr'><strong>data</strong></span> 
     </span>
     <span class='ocr_line' id='line_1_34' title="bbox 244 4246 2568 4336; baseline 0.001 -23"><span class='ocrx_word' id='word_1_269' title='bbox 244 4248 515 4315; x_wconf 89' lang='lat' dir='ltr'><strong>secundo</strong></span> <span class='ocrx_word' id='word_1_270' title='bbox 558 4249 602 4314; x_wconf 87' lang='lat' dir='ltr'><strong>J</strong></span> <span class='ocrx_word' id='word_1_271' title='bbox 603 4248 857 4314; x_wconf 84' lang='lat' dir='ltr'><strong>anuarii</strong></span> <span class='ocrx_word' id='word_1_272' title='bbox 902 4248 1007 4315; x_wconf 88' lang='lat' dir='ltr'><strong>die</strong></span> <span class='ocrx_word' id='word_1_273' title='bbox 1033 4248 1079 4330; x_wconf 77' lang='lat'><strong>²,</strong></span> <span class='ocrx_word' id='word_1_274' title='bbox 1122 4248 1191 4315; x_wconf 91' lang='lat' dir='ltr'><strong>in</strong></span> <span class='ocrx_word' id='word_1_275' title='bbox 1221 4271 1353 4336; x_wconf 86' lang='lat' dir='ltr'><strong>qua</strong></span> <span class='ocrx_word' id='word_1_276' title='bbox 1398 4256 1468 4317; x_wconf 88' lang='lat' dir='ltr'><strong>et</strong></span> <span class='ocrx_word' id='word_1_277' title='bbox 1511 4250 1824 4336; x_wconf 85' lang='lat' dir='ltr'><strong>pietatem</strong></span> <span class='ocrx_word' id='word_1_278' title='bbox 1866 4246 1934 4312; x_wconf 90' lang='lat' dir='ltr'><strong>in</strong></span> <span class='ocrx_word' id='word_1_279' title='bbox 1982 4247 2189 4313; x_wconf 88' lang='lat' dir='ltr'><strong>Deum</strong></span> <span class='ocrx_word' id='word_1_280' title='bbox 2235 4253 2304 4315; x_wconf 88' lang='lat' dir='ltr'><strong>et</strong></span> <span class='ocrx_word' id='word_1_281' title='bbox 2357 4246 2568 4316; x_wconf 88' lang='lat' dir='ltr'><strong>chari-</strong></span> 
     </span>
    </p>
   </div>
   <div class='ocr_carea' id='block_1_7' title="bbox 382 4415 2276 4576">
    <p class='ocr_par' dir='ltr' id='par_1_7' title="bbox 382 4415 2276 4576">
     <span class='ocr_line' id='line_1_35' title="bbox 1392 4415 1429 4454; baseline 0 0"><span class='ocrx_word' id='word_1_282' title='bbox 1392 4415 1429 4454; x_wconf 60' lang='lat' dir='ltr'><strong>a</strong></span> 
     </span>
     <span class='ocr_line' id='line_1_36' title="bbox 382 4500 2276 4576; baseline 0.003 -23"><span class='ocrx_word' id='word_1_283' title='bbox 382 4509 407 4559; x_wconf 79' lang='grc' dir='ltr'>ι</span> <span class='ocrx_word' id='word_1_284' title='bbox 450 4500 731 4576; x_wconf 77' lang='lat' dir='ltr'><strong>Virtutum]</strong></span> <span class='ocrx_word' id='word_1_285' title='bbox 770 4501 1047 4553; x_wconf 68' lang='lat' dir='ltr'><strong>veritatum</strong></span> <span class='ocrx_word' id='word_1_286' title='bbox 1082 4506 1135 4559; x_wconf 80' lang='lat'><strong>2.</strong></span> <span class='ocrx_word' id='word_1_287' title='bbox 1277 4507 1307 4560; x_wconf 73' lang='lat'>2</span> <span class='ocrx_word' id='word_1_288' title='bbox 1346 4508 1375 4562; x_wconf 79' lang='lat'><em>2</em></span> <span class='ocrx_word' id='word_1_289' title='bbox 1412 4504 1538 4565; x_wconf 61' lang='grc' dir='ltr'><strong>ἄση.</strong></span> <span class='ocrx_word' id='word_1_290' title='bbox 1577 4508 1629 4564; x_wconf 77' lang='lat'><strong>2.</strong></span> <span class='ocrx_word' id='word_1_291' title='bbox 1665 4520 1709 4557; x_wconf 84' lang='lat' dir='ltr'><strong>s.</strong></span> <span class='ocrx_word' id='word_1_292' title='bbox 1745 4519 1794 4555; x_wconf 92' lang='lat' dir='ltr'><strong>o.</strong></span> <span class='ocrx_word' id='word_1_293' title='bbox 1829 4518 1943 4560; x_wconf 86' lang='lat' dir='ltr'><strong>nro.</strong></span> <span class='ocrx_word' id='word_1_294' title='bbox 1983 4501 2276 4563; x_wconf 77' lang='lat' dir='ltr'><strong>cxxxm.</strong></span> 
     </span>
    </p>
   </div>
  </div>
 </body>
</html>
