2950 5042
1256 445 1263 452 .
1324 382 1455 448 325

234 575 467 660 phonte
512 574 908 640 amoenitatis
955 571 1300 640 Socraticae
1347 573 1556 640 altero
1604 570 1877 653 lumine,
1923 593 2042 660 pro
2089 574 2254 644 virili
2301 597 2446 646 mea
2492 584 2560 645 et

235 687 539 766 quantum
584 679 770 748 nobis
818 677 921 746 vel
964 699 1085 764 per
1128 679 1355 756 ocium,
1407 679 1506 746 vel
1554 683 1748 746 aestus
1794 683 1994 763 atque
2035 679 2269 748 caloris
2315 681 2551 750 incom-

232 787 418 852 moda
460 787 665 864 licuit,
710 783 1000 852 exhibeo.
1080 785 1271 850 Certe
1304 783 1480 850 solus
1527 805 1646 868 ego
1679 782 1881 863 effeci,
1929 783 2049 850 hoc
2081 785 2390 872 quicquid
2438 795 2556 871 est,

230 897 447 976 utpote
494 893 605 977 qui
651 892 712 958 iu
746 889 1279 974 recognoscendo.
1328 891 1502 956 omni
1548 890 1750 956 ferme
1786 889 2140 958 destitutus
2187 913 2330 958 sum
2375 895 2554 962 auxi-

230 997 328 1076 lio,
372 1018 519 1064 cum
567 1018 753 1064 nemo
786 1002 977 1076 esset,
1010 996 1120 1081 qui
1152 996 1323 1063 inter
1356 994 1696 1078 legendum
1729 993 2136 1063 auscultaret
2164 996 2338 1075 mihi,
2385 999 2552 1066 adeo

225 1101 405 1169 floret
462 1102 675 1168 adhuc
739 1102 909 1170 inter
970 1122 1212 1184 paucos
1268 1101 1554 1168 studium
1601 1099 1832 1184 linguae
1877 1121 2119 1184 graeoae.
2173 1101 2387 1181 Quare
2434 1105 2555 1172 sic-
2610 1088 2618 1100 ⁸

222 1207 325 1274 ubi
388 1207 831 1291 peccavimus,
899 1206 997 1272 vel
1079 1207 1439 1275 inversione
1502 1205 1744 1282 literae,
1817 1205 1911 1270 vel
1971 1205 2103 1272 alia
2162 1193 2390 1293 quavis
2449 1231 2550 1278 ra-

224 1313 407 1393 tione,
458 1318 530 1378 tu
580 1313 751 1392 mihi,
800 1333 973 1396 rogo,
1019 1311 1133 1376 des
1182 1312 1451 1378 veniam.
1509 1310 1674 1378 Nam
1711 1311 2025 1394 ejusmodi
2055 1314 2388 1396 provincia
2431 1323 2550 1397 est,

226 1437 406 1503 quam
472 1424 575 1484 tot
622 1419 761 1502 jam
818 1418 1002 1484 annis
1064 1415 1239 1484 solus
1300 1439 1473 1502 gem,
1545 1423 1616 1483 ut
1664 1417 1800 1482 sine
1847 1416 2096 1501 collega
2140 1418 2316 1485 haud
2361 1420 2551 1488 facile

222 1529 411 1608 queat
436 1521 897 1592 administrari.
994 1522 1162 1590 Usus
1198 1545 1337 1590 sum
1376 1543 1536 1588 cura
1575 1529 1772 1606 atque
1803 1521 2139 1608 diligentia
2169 1528 2550 1612 quampotui

221 1629 513 1695 maxima.
563 1627 865 1708 Vireo‚si
886 1648 1080 1694 unum
1101 1651 1181 1693 ex
1198 1627 1301 1694 liis
1334 1626 1840 1713 deprehenderis
1869 1634 2026 1694 tute.
2072 1629 2375 1698 Nicolaus
2397 1631 2554 1699 Ger-

223 1734 438 1814 beliuS,
460 1735 654 1800 homo
676 1734 874 1799 comis
893 1739 959 1799 et
974 1733 1335 1800 studiorum
1360 1741 1616 1800 tuorum
1640 1733 1998 1801 admirator
2019 1755 2324 1819 summus,
2345 1738 2552 1806 multa

222 1846 279 1906 te
310 1840 525 1906 salute
558 1839 867 1924 impertit.
932 1839 1096 1906 Nam
1130 1839 1298 1905 hunc
1322 1837 1552 1909 diebus
1587 1837 1764 1906 hisce
1791 1840 2100 1924 proximis
2133 1841 2549 1927 Argentorati

221 1945 649 2012 convenimus.
696 1943 815 2011 Cui
836 1967 979 2010 cum
1007 1944 1231 2012 literas
1252 1945 1678 2012 ostendissem
1701 1951 1867 2026 tuas,
1889 1946 2096 2012 exiliit
2118 1969 2254 2033 pree
2282 1950 2548 2034 gaudeo.

226 2052 374 2118 Vale
422 2051 851 2132 foelicissime,
899 2051 986 2115 mi
1034 2051 1346 2135 Oapnion,
1378 2050 1576 2117 decus
1622 2072 1854 2118 meum.
1903 2054 2086 2119 Anno
2141 2059 2328 2120 1520.

387 2161 711 2221 Gedruckt:
728 2160 1228 2234 =Xenophontis
1247 2161 1534 2236 apologia,
1567 2162 1870 2234 Agesilaus
1895 2169 1952 2223 et
1971 2162 2171 2224 Hiero.
2207 2164 2300 2224 ed.
2326 2165 2550 2227 Reueh-

220 2268 310 2328 lin.
402 2267 694 2341 Hagenan
730 2267 919 2338 1520,
953 2282 988 2326 a
1028 2271 1054 2324 l
1094 2265 1181 2324 bis
1212 2268 1268 2326 3.

1223 2450 1550 2518 CCXOIV.

346 2542 662 2610 lngolstadt.
2097 2549 2121 2594 7
2165 2545 2272 2596 Mai
2319 2548 2470 2597 1520.

652 2622 986 2697 ‹Ioannes
1042 2619 1410 2696 Reuchlin
1465 2647 1563 2692 an
1618 2621 2124 2698 Pirckheimer

216 2767 653 2852 entsehuldigt
698 2769 856 2850 sich,
890 2770 1037 2835 dass
1068 2791 1140 2834 er
1184 2789 1256 2834 so
1302 2767 1489 2851 lange
1521 2770 1821 2851 geziigert
1851 2766 2037 2847 habe,
2069 2770 2190 2835 das
2218 2770 2548 2854 geliehene

212 2875 855 2942 zuriickzuerstatten'
887 2874 1019 2941 und
1051 2875 1246 2941 bittet
1276 2895 1385 2938 um
1431 2872 1550 2938 das
1591 2873 1994 2940 worterbuch
2041 2874 2156 2942 des
2187 2875 2544 2961 Hesychius

214 2980 339 3047 und
410 2982 521 3046 die'
582 2980 970 3065 grammatik
1042 2979 1159 3046 des
1219 2966 1401 3044 iilius
1461 2978 1774 3045 Hadrian.
1868 2980 1956 3044 Er
2014 2979 2181 3046 habe
2251 3003 2546 3067 mergens

213 3086 367 3154 iiber
399 3087 693 3153 Kimchis
720 3085 1105 3153 hebraische
1136 3083 1545 3170 grammatik‚
1579 3084 1829 3150 abends
1876 3085 2040 3151 iiber
2073 3087 2543 3171 Aristophanes

212 3192 433 3260 Plutus
482 3215 597 3258 vor
624 3192 809 3258 mehr
838 3191 936 3258 als
966 3190 1391 3257 dreihundert
1421 3190 1678 3256 schiiler
1718 3197 2158 3275 vorzutragen.
2217 3194 2314 3257 De
2345 3193 2544 3259 Frau-

212 3298 373 3364 cisco
408 3298 809 3381 (Sickingen)
856 3319 1027 3377 meo,
1085 3298 1280 3363 immo
1328 3296 1606 3361 omnium
1674 3295 2100 3376 literatorum,
2150 3306 2300 3381 post
2346 3298 2431 3364 ad
2479 3306 2544 3364 te

211 3403 507 3484 scribam,
564 3402 823 3488 quando
879 3403 1234 3487 capitulum
1279 3403 1556 3467 fratrum
1609 3402 2098 3468 Dominicalium
2157 3404 2331 3488 quod
2376 3424 2545 3470 nunc

211 3507 685 3575 Francofordiae
731 3508 1029 3589 habetur,
1064 3507 1313 3588 effluet3
1359 3507 1687 3592 pollicitus
1734 3508 1788 3571 is
1837 3508 1993 3572 mihi
2042 3515 2140 3574 est
2170 3530 2397 3592 pacem
2443 3530 2548 3576 ve-

216 3635 346 3679 ram
386 3617 429 3676 ¹.
487 3613 841 3703 Anglopoli‚
890 3615 1075 3680 nonis
1120 3614 1292 3700 maji,
1340 3635 1508 3678 anno
1563 3617 1749 3678 1520.

383 3723 708 3784 Gedruckt:
748 3744 832 3778 ==
862 3723 1124 3800 Goldast,
1172 3724 1568 3783 Pirckheimer
1613 3739 1747 3795 opp.
1799 3739 1842 3781 S.
1899 3729 2041 3786 261.

1227 3908 1524 3976 CCXCV.
1756 3950 1765 3960 ·
2345 3969 2360 3980 .

344 3997 659 4062 lugolstadt.
1048 4015 1051 4018 ⁴
2062 4001 2118 4046 11
2165 3997 2272 4048 Mai
2317 3999 2466 4047 1520.

475 4087 526 4161 J
530 4113 807 4160 oannes
865 4085 1232 4160 Reuchlin
1288 4113 1387 4160 an
1441 4085 1683 4160 Jacob
1743 4085 2264 4184 Questenberg.

386 4233 565 4300 Jetzt
602 4233 813 4299 kenne
849 4234 1293 4319 Questenberg
1335 4234 1499 4302 nach
1537 4234 1678 4299 drei
1713 4232 1947 4317 jahren
1984 4232 2117 4297 ihm
2152 4231 2410 4299 endlich
2441 4232 2545 4298 ein

356 4415 376 4458 1
424 4410 541 4478 Vgl.
568 4411 790 4464 dai-iiber
814 4411 1074 4464 Reuchlin
1100 4429 1141 4467 s.
1169 4418 1271 4468 447
1299 4417 1351 4473 ff,
1376 4353 1486 4478 :nd
1513 4414 1600 4474 die
1625 4411 2160 4486 zusammenstellung
2180 4410 2266 4462 bei
2287 4411 2544 4486 Βὸοἱιίιις,

214 4499 380 4579 suppl.
421 4500 525 4552 vol.
565 4501 633 4566 11,
672 4518 715 4552 s.
763 4504 855 4553 151
897 4504 967 4583 fg.
