2950 5042
1569 378 1659 444 90

450 585 668 632 rerum
720 564 1075 651 disciplinis
1136 566 1409 648 relictis,
1472 569 1664 654 quasi
1717 568 2151 654 ludimagistri
2195 568 2281 635 ad
2324 570 2596 656 puerilia
2635 570 2747 635 ele·-

449 676 669 737 menta
732 692 803 737 se
868 679 1353 753 converterent,
1419 695 1538 758 ego
1607 677 1956 742 miseratus
2016 682 2152 741 tam
2209 683 2466 743 sanctas
2524 677 2746 756 literas,

452 776 715 854 indolui,
760 798 909 843 mea
956 782 1153 845 aetate
1194 779 1520 847 studiosos
1553 781 1798 849 diutius
1839 782 2186 847 hebraicae
2231 782 2461 866 linguae
2501 784 2750 848 scientia

449 902 705 949 carere:
758 891 1159 969 quapropter
1201 885 1460 953 illorum
1507 887 1761 971 ingenio
1813 888 2036 953 favens
2083 906 2282 955 ausus
2329 909 2471 954 sum
2516 890 2568 970 ¹,
2613 886 2752 952 licet

449 1009 647 1071 supra
701 989 962 1056 modum
1017 990 1237 1057 forsan
1288 997 1571 1073 temere,
1629 994 1878 1078 primus
1945 994 2228 1060 omnium
2287 1000 2354 1060 et
2397 1000 2532 1059 tam
2577 1014 2750 1077 grave

446 1091 701 1177 pondus
732 1096 893 1161 meis
922 1095 1209 1163 humeris
1252 1097 1584 1183 imponere
1633 1106 1701 1167 et
1731 1100 1922 1166 simul
1953 1121 2054 1165 me
2087 1098 2320 1167 offerre
2353 1100 2380 1139 ²
2425 1099 2754 1167 latratibus

446 1198 876 1284 mordacium3
920 1203 1169 1269 utinam
1206 1203 1486 1288 judaicis
1537 1204 1762 1271 solum.

626 1309 854 1393 Neque
885 1330 927 1375 a
958 1307 1267 1393 dignitate
1315 1310 1437 1375 viri
1468 1311 1644 1377 docti
1673 1312 1973 1396 reputavi
2018 1311 2320 1391 alienum,
2365 1311 2456 1377 ad
2503 1310 2758 1377 elemen-

452 1414 625 1482 taria
670 1415 997 1481 consortia
1028 1416 1355 1481 declina-re
1402 1418 1637 1482 aurelii
1683 1417 1880 1502 Opilii
1915 1417 1942 1457 ⁸
1987 1416 2301 1502 exemplo,
2348 1417 2462 1502 qui
2505 1437 2630 1481 non
2671 1421 2758 1480 est

449 1522 834 1605 dedignatus
877 1527 1031 1605 post
1072 1521 1548 1606 philosophiam
1579 1524 1810 1606 primo,
1859 1522 2092 1588 deinde
2123 1527 2332 1587 artem
2364 1522 2756 1599 rhetoricam,

448 1628 795 1695 novissime
852 1628 1277 1710 grammatica
1322 1628 1598 1708 sectari;
1659 1628 1820 1693 nihil
1865 1629 2059 1693 aliter
2119 1627 2200 1693 de
2249 1628 2436 1693 Ateio
2499 1629 2759 1693 Praetex-

452 1739 595 1801 tato
640 1733 963 1818 philologo
1011 1734 1354 1801 Suetonius
1402 1734 1816 1827 Tranquillus
1863 1738 2166 1799 testatur.
2254 1733 2478 1799 Simile
2524 1752 2760 1820 quoque

448 1839 531 1907 de
563 1840 825 1907 Valerio
857 1840 1122 1921 Catone,
1171 1842 1281 1927 qui
1313 1841 1526 1906 dictus
1574 1846 1675 1905 est
1705 1840 1940 1905 Latina
1973 1839 2196 1925 Syren.
2265 1839 2508 1906 Fateor
2537 1840 2758 1924 itaque,

450 1946 627 2011 circa
685 1946 1024 2012 literarum
1085 1947 1404 2012 rationem
1449 1966 1801 2031 puerorum
1857 1966 2000 2011 esse
2055 1944 2301 2026 studia,
2363 1952 2431 2011 et
2490 1966 2632 2011 esse
2671 1964 2760 2009 me

450 2051 649 2117 etiam
696 2072 771 2117 eo
816 2072 986 2117 nunc
1030 2058 1425 2136 provectum,
1470 2058 1546 2118 ut
1591 2052 1830 2136 partim
1874 2072 1978 2116 me
2019 2050 2495 2136 philosophum,
2541 2050 2763 2136 partim

441 2155 977 2241 jurisconsultum
1024 2156 1427 2222 arbitrentur
1488 2157 1589 2222 his
1652 2156 1735 2222 de
1780 2156 1994 2223 causis
2045 2156 2356 2236 maxime,
2402 2162 2548 2221 tum
2607 2154 2762 2241 quod

448 2282 529 2327 ex
574 2261 903 2347 Capnione
948 2268 1169 2329 nostro
1218 2284 1409 2348 quem
1458 2262 1779 2329 edidimus
1811 2262 1840 2301 ⁴
1887 2261 1968 2327 de
2019 2261 2217 2328 verbo
2263 2261 2538 2330 mirifico
2583 2262 2608 2302 ⁵
2651 2282 2762 2327 non

445 2368 605 2435 nihil
650 2368 827 2455 quod
888 2390 1056 2434 verae
1100 2368 1522 2453 philosophiae
1567 2367 1866 2448 accedat,
1917 2368 2046 2433 sibi
2093 2368 2541 2452 persuadeant
2586 2388 2764 2454 posse

448 2474 775 2541 exanclari
796 2524 811 2555 ,
858 2480 998 2540 tum
1044 2474 1217 2560 quod
1254 2476 1393 2561 jam
1424 2466 1641 2541 ‘annos
1690 2474 2060 2559 complures
2094 2474 2120 2513 ⁶
2167 2494 2364 2559 super
2407 2460 2764 2541 fortissimis

446 2580 675 2647 Suevis
740 2580 1217 2647 confoederatos
1277 2582 1604 2665 principes
1680 2580 2066 2664 dignitatem
2143 2580 2597 2645 triumviratus
2654 2598 2764 2642 non

445 2687 800 2755 ambitione
847 2687 964 2755 sed
996 2688 1312 2755 electione
1342 2709 1526 2753 mera
1559 2688 1684 2753 sim
1715 2690 2120 2765 consecutae,
2149 2706 2428 2770 eumque
2471 2686 2765 2753 honorem

443 2816 649 2881 usque
692 2796 759 2860 in
806 2794 975 2860 hunc
1004 2795 1193 2860 ·diem
1238 2814 1498 2860 servare
1545 2814 1648 2859 me
1697 2793 1993 2859 sentiant·
2032 2792 2101 2857 in
2153 2812 2543 2858 concussum
2586 2797 2764 2875 atque

446 2906 763 2969 sanctum.

621 3008 933 3073 Attamen
977 3004 1139 3069 nihil
1184 3026 1289 3071 me
1333 3005 1524 3090 hujus
1573 3005 2014 3071 elementariae
2045 3005 2208 3071 artis
2252 3004 2583 3089 dispudet,
2630 3021 2768 3088 quo·

446 3112 623 3179 niam
682 3113 769 3178 ab
825 3114 1088 3177 ineunte
1154 3112 1451 3195 protinus
1522 3110 1970 3177 adolescentia
2039 3109 2203 3176 illud
2255 3111 2470 3195 ipsum
2540 3132 2621 3177 ex
2664 3129 2768 3175 usu

446 3218 606 3283 mihi
664 3217 791 3284 fuit
848 3224 1077 3302 estque
1131 3218 1199 3282 in
1258 3238 1435 3283 more
1485 3239 1773 3301 semper,
1826 3215 2490 3301 contemplationibus
2537 3213 2769 3298 magnis

447 3323 733 3389 ludicras
780 3321 1153 3408 disciplinas
1200 3321 1550 3407 adjungere
1591 3342 1848 3405 semper
1889 3321 2197 3388 discendo
2242 3320 2514 3402 docere,
2563 3323 2620 3387 si
2657 3338 2766 3385 non

449 3450 739 3497 summos
784 3430 975 3509 viros,
1022 3435 1097 3494 at
1138 3426 1461 3493 infimates
1498 3430 1540 3493 ⁷.
1631 3429 1870 3493 Postea
1917 3427 2087 3493 enim
2135 3447 2322 3512 quam
2365 3448 2540 3494 anno
2571 3425 2768 3492 aetatis

446 3557 607 3601 meae
654 3534 1173 3619 duodevigesimo
1209 3533 1235 3573 ⁸
1281 3534 1596 3600 Prisciani
1641 3533 2062 3601 Caesariensis
2109 3533 2404 3599 literaria
2449 3532 2670 3599 studia
2708 3530 2766 3593 in

450 3641 672 3707 schola
718 3642 1115 3707 Parisiorum
1160 3662 1502 3725 aggressus
1549 3662 1708 3721 sum,
1755 3639 2013 3705 biennio
2060 3644 2211 3723 post
2243 3639 2420 3723 apud
2449 3640 2767 3704 Rauracos

449 3747 904 3815 dictionarium
950 3747 1180 3832 collegi
1226 3768 1417 3832 quem
1483 3746 1809 3831 appellavi
1851 3744 2311 3829 Breviloquum
2345 3743 2386 3809 ⁹.
2480 3744 2578 3810 Eo
2624 3748 2771 3809 tem-

1597 3882 1632 3921 ῆς

598 3972 622 4018 1
664 3982 971 4019 aussussum
1022 3972 1067 4019 1.
1216 3972 1245 4017 2
1286 3966 1471 4017 offerre
1519 3981 1602 4017 me
1653 3970 1701 4016 2.
1848 3967 1877 4015 3
1921 3950 2067 4018 Uber
2115 3963 2362 4018 Aurelius
2411 3960 2628 4027 Opilius
2672 3956 2770 4024 vgl·

450 4054 661 4107 Sueton.
710 4056 773 4107 de
823 4055 1191 4108 Grammaticis
1243 4070 1357 4123 cap.
1406 4057 1456 4119 6,
1504 4055 1637 4106 iiber
1686 4054 1870 4119 AteJus
1917 4068 2030 4120 cap.
2084 4058 2131 4117 7,
2178 4054 2308 4105 iiber
2352 4051 2598 4103 Valerius
2652 4047 2770 4099 Cato

453 4159 565 4209 cap.
607 4148 689 4194 11.
804 4146 837 4192 4
875 4144 1167 4196 aedidimus
1195 4149 1243 4196 2.
1354 4146 1385 4193 5
1426 4143 1490 4193 de
1527 4144 1686 4195 verbo
1723 4142 1964 4209 mirifico]
1990 4142 2100 4207 vgl.
2133 4142 2268 4193 oben
2299 4144 2434 4193 1494
2455 4156 2572 4191 nro.
2595 4135 2770 4188 XLVI.

453 4234 483 4282 6
523 4248 688 4282 annos
727 4232 1041 4299 complures]
1081 4234 1181 4282 seit
1218 4230 1335 4281 dem
1362 4232 1518 4296 jahre
1551 4234 1700 4293 1500,
1739 4231 1850 4297 vgl.
1877 4230 2008 4281 iiber
2033 4230 2212 4281 diesen
2239 4230 2591 4295 schwierigen
2615 4224 2770 4293 punkt

452 4320 622 4369 meine
661 4319 1080 4385 untersuchung:
1121 4320 1242 4370 Mel.
1285 4322 1452 4371 oratio
1494 4336 1535 4371 s.
1576 4321 1640 4369 29
1682 4320 1765 4369 bis
1806 4321 1890 4369 34.
2021 4324 2048 4368 7
2087 4318 2371 4368 infimateis
2414 4322 2461 4369 2.
2574 4319 2604 4367 8
2644 4326 2767 4363 anno

452 4406 886 4473 duodevigesimo
940 4411 1091 4469 1473,
1144 4407 1251 4473 vgl.
1304 4410 1591 4461 Reuchlins
1639 4408 1783 4461 brief
1829 4423 1894 4458 an
1933 4406 2101 4459 Faber
2140 4410 2200 4462 31
2244 4410 2380 4473 Aug.
2424 4406 2558 4462 1513
2599 4408 2766 4453 nuten-

454 4496 486 4549 9
521 4494 645 4567 Vgt.
679 4494 941 4552 Reuchlin
978 4510 1020 4547 s.
1061 4497 1127 4547 68
1164 4496 1221 4550 ff.
