2950 5042
1282 390 1407 459 145

215 576 395 645 excidi
437 578 780 661 memoria;
817 579 957 666 jam
984 579 1267 649 alterum
1300 578 1506 649 habea
1543 577 1840 649 Groeoum
1861 582 1914 661 ¹3
1973 580 2042 648 id
2087 578 2206 647 tibi
2241 586 2346 649 sat
2389 588 2508 651 est.

213 682 507 767 Complevi
564 684 913 769 epistolare
970 708 1019 753 s.
1066 685 1470 773 Hieronymi,
1528 686 1716 771 cujus
1775 685 1940 753 <luas
1999 692 2221 771 partes
2281 687 2518 753 Franc-

209 787 455 853 fordiam
510 789 661 855 misi
711 790 799 856 ad
856 790 1173 859 nundinas
1232 792 1526 877 proxime
1572 790 1830 859 habitas
1851 840 1868 873 ,
1938 791 2136 859 tertia
2194 812 2350 877 pars
2411 792 2512 859 vel

210 891 467 977 bajulum
524 901 830 981 expectat
892 896 995 963 vel
1066 896 1310 965 alteras
1370 894 1886 983 quadragesimae
1943 895 2301 979 nundinas3
2359 918 2509 963 con-

208 1004 498 1065 summata
560 1005 678 1066 est.
770 1000 939 1067 Puto
998 1024 1098 1069 me
1160 1002 1375 1069 omnia
1420 1000 1565 1067 loca
1607 1002 1835 1087 graecis
1879 1000 2285 1088 hebraeisque
2347 1023 2510 1069 vacu

205 1102 581 1186 areplevisse.
670 1104 859 1185 Quod
898 1104 952 1173 si
983 1098 1419 1175 hallucinatus
1460 1106 1697 1173 fuerim
1741 1114 1808 1175 et
1849 1106 2096 1193 aliquid
2162 1107 2508 1190 omiserim,

206 1209 479 1275 resartiet
524 1209 751 1277 Conon
793 1208 1001 1279 frater
1043 1218 1267 1281 noster
1320 1218 1439 1279 aut
1483 1212 1702 1279 Bruno
1765 1233 1947 1279 meus
2003 1219 2071 1280 et
2115 1212 2288 1281 idem
2335 1220 2516 1297 tuus,

206 1312 291 1377 cui
332 1319 459 1379 tam
506 1336 717 1399 graeca
762 1337 963 1403 quam
1015 1316 1277 1385 hebraea
1321 1338 1527 1399 nunc,
1583 1317 1641 1385 si
1685 1316 1878 1399 volet,
1926 1324 2104 1403 recte
2150 1318 2508 1387 credidero.

207 1418 249 1481 A
289 1419 515 1504 quibus
562 1421 723 1487 mihi
769 1443 1180 1509 summopere
1226 1422 1588 1491 timendum
1635 1428 1755 1503 est,
1787 1420 1882 1489 'ne
1928 1423 2173 1491 laboris
2219 1424 2349 1491 mei
2395 1424 2520 1492 sibi

206 1523 443 1606 gloriam
502 1527 903 1613 praeripiant,
960 1534 1037 1595 ut
1082 1550 1231 1595 cum
1280 1528 1545 1595 Marone
1592 1548 1786 1612 cogar
1831 1528 2146 1595 scribere:
2211 1528 2346 1596 Hos
2393 1550 2511 1614 ego

206 1630 523 1699 versiculos
570 1632 715 1714 feci,
761 1631 917 1700 tulit
958 1632 1129 1701 alter
1173 1634 1502 1701 honorem.
1593 1632 1699 1701 Sic
1744 1652 1859 1699 vos
1901 1652 2033 1699 non
2063 1633 2262 1701 vobis.
2326 1634 2515 1702 Nunc

207 1735 363 1801 mitto
422 1736 511 1803 ad
574 1745 645 1805 te
706 1738 789 1804 de
844 1759 1007 1807 novo
1078 1744 1475 1807 testamento
1557 1756 1701 1823 quie
1769 1739 2156 1805 restauravi.
2271 1738 2504 1807 Restat

212 1840 581 1925 psalterium,
626 1844 693 1909 in
740 1864 869 1929 quo
905 1845 1044 1929 jam
1094 1864 1395 1929 occupor.
1490 1844 1586 1909 De
1617 1842 2011 1929 Hieronymo
2041 1864 2240 1929 super
2271 1844 2516 1911 Lucam

208 1946 333 2013 nihil
376 1947 598 2017 adhuc
642 1949 965 2031 instituis3
1038 1950 1145 2017 de·
1166 1972 1245 2017 eo
1292 1949 1524 2034 scripsi
1557 1948 1582 1987 ²
1641 1952 1838 2015 antea
1881 1968 2178 2034 quaerens
2225 1948 2520 2017 volunta-

206 2056 313 2117 tem
352 2060 557 2121 tuam.
651 2055 991 2121 Hieremiae
1036 2060 1429 2141 prototypon
1472 2055 1541 2121 in
1587 2058 1728 2120 tota
1773 2053 2008 2121 Suevia
2051 2075 2181 2121 non
2233 2056 2508 2123 invenie.

207 2156 310 2223 Sed
370 2180 451 2227 ne
525 2159 686 2226 nihil
740 2180 929 2245 agam
944 2210 961 2241 ,
1030 2162 1239 2229 fretus
1292 2167 1409 2228 tua
1464 2159 1810 2247 ⁸signatura
1867 2156 2197 2243 perficiam
2216 2209 2233 2242 ,
2297 2161 2517 2247 quoad

205 2284 426 2347 queam.
543 2265 865 2333 Caeterum
902 2267 1093 2353 jussu
1137 2266 1178 2333 J
1181 2266 1407 2333 oannis
1452 2263 1816 2349 Froberger
1847 2262 1875 2303 ⁸
1928 2264 2010 2331 de
2049 2268 2166 2330 tuo
2211 2267 2518 2333 mandato

206 2371 489 2453 expedivi,
555 2377 635 2437 ut
690 2394 733 2438 a
776 2392 879 2438 me
940 2372 1150 2455 petiit,
1212 2369 1415 2439 libros
1474 2368 1992 2435 rudimentorum
2055 2374 2122 2437 et
2181 2378 2514 2439 vecturam

205 2495 383 2561 usque
412 2479 495 2543 in'
514 2477 845 2545 civitatem
878 2478 1315 2562 Argentinam.
1408 2473 1704 2560 Expendi
1733 2496 1853 2559 pro
1885 2476 2074 2557 vasis,
2119 2475 2283 2557 cibo,
2330 2485 2510 2562 potu,

202 2586 443 2649 vectura
498 2590 571 2649 et
622 2583 795 2663 aliis,
854 2588 1051 2666 prout
1103 2584 1169 2649 in
1227 2581 1546 2661 rationali,
1595 2579 1774 2666 quod
1819 2581 2306 2647 Francfordiam
2352 2582 2515 2663 misi,

200 2706 497 2755 summam
567 2688 855 2774 quinque
926 2687 1324 2755 florenorum
1404 2692 1472 2753 et
1555 2686 1754 2751 trium
1834 2684 2342 2771 blappardorum
2414 2686 2513 2755 vel

199 2793 390 2859 verius
456 2800 498 2859 4
547 2792 754 2861 heller
802 2793 1303 2878 Wirtenberger.
1396 2793 1560 2857 Eam
1611 2791 1956 2876 pecuniam
2001 2810 2117 2857 oro
2162 2798 2229 2858 te
2273 2792 2358 2859 ad
2405 2814 2508 2859 me

200 2899 475 2966 remittas
520 2920 670 2967 cum
714 2899 837 2966 hoc
882 2906 1107 2967 nostro
1156 2900 1342 2985 Cyro.
1433 2898 1579 2964 Non
1627 2918 1771 2963 sum
1814 2894 1938 2962 hoc
1983 2901 2276 2980 tempore
2322 2898 2512 2965 nimis

202 3011 453 3072 onustus
482 3006 794 3090 pecuniis,
838 3012 913 3071 ut
940 3004 1393 3091 philosophum
1440 3003 1650 3071 decet.
1710 3001 1924 3083 Dicas,
1970 3020 2086 3067 oro
2119 3008 2204 3083 te,
2237 3003 2515 3069 salutem

201 3112 365 3175 uxori
430 3119 498 3178 et
564 3111 789 3179 liberis
853 3112 986 3178 tuis
1050 3132 1195 3178 meo
1256 3110 1514 3177 nomine
1580 3114 1646 3174 et
1713 3106 1994 3174 feliciter
2075 3107 2308 3175 valeas.
2418 3109 2518 3175 Ex

202 3211 577 3300 Stutgardia.
668 3217 871 3283 Nonis
917 3215 1373 3284 novembribus
1416 3234 1588 3281 anno
1641 3218 1830 3280 1511.

944 3464 965 3483 .
987 3384 1028 3451 J
1032 3404 1274 3451 oannes
1320 3380 1633 3450 Reuchlin
1677 3379 2062 3449 Phorcensis
2107 3380 2232 3447 LL.
2281 3380 2421 3449 doc.

357 3613 509 3675 Ans:
545 3610 751 3675 Basler
780 3614 1291 3677 universitatsbibl.
1341 3614 1650 3677 handschr.
1694 3612 1745 3673 G
1797 3614 1854 3675 11
1901 3615 2016 3673 13⁸
2045 3629 2169 3672 nro.
2219 3615 2301 3671 66
2351 3616 2517 3673 auto·

200 3718 379 3791 graph.

1338 3951 1371 3991 *

329 4075 349 4125 1
392 4070 499 4129 Alt.
538 4071 717 4143 grae]
756 4073 989 4143 gemeint
1024 4075 1096 4130 ist
1130 4077 1257 4130 Joh.
1290 4076 1473 4127 Conon
1515 4073 1696 4141 (Ciln).
1846 4075 1874 4125 2
1917 4068 2133 4141 Scripsi]
2170 4067 2521 4127 vermuthlich

202 4156 247 4207 in
272 4160 375 4215 dem
400 4165 537 4217 oben
565 4182 607 4216 s.
642 4170 757 4217 144.
784 4183 833 4217 a.
858 4168 890 4216 5
917 4164 1219 4217 ervvahnten
1244 4164 1425 4217 briefe.
1521 4167 1552 4215 3
1593 4163 1900 4232 Froberger]
1929 4179 1987 4215 so
2011 4163 2250 4216 schreibt
2263 4162 2522 4215 Reuchliu

205 4245 291 4298 den
321 4252 423 4305 ihm
464 4253 815 4307 veranuthlich
852 4270 953 4307 nur
990 4270 1083 4305 aus
1120 4255 1267 4306 einer
1301 4252 1677 4303 undeutliohen
1713 4250 2190 4303 briefunterschrift
2225 4250 2526 4304 bekannteu

204 4334 332 4389 Hans
368 4342 585 4406 Froben,
624 4342 796 4393 neffen
832 4342 925 4393 des
961 4342 1385 4409 gleichnamigen
1413 4340 1721 4391 beriihmten
1746 4339 2165 4402 buchdruckers;
2205 4340 2314 4406 vgl.
2343 4341 2527 4393 Basler

208 4422 335 4477 beitr.
386 4446 479 4481 zur
532 4431 717 4483 vaterl.
767 4431 947 4496 gescb.
1001 4432 1099 4497 IX,
1161 4448 1204 4483 s.
1256 4431 1379 4480 531.
1431 4426 1802 4497 (Mittheilung
1852 4444 1956 4479 von
2005 4427 2138 4494 prof.
2195 4427 2413 4480 Vischer
2470 4430 2525 4481 in

212 4509 385 4583 Basel.)

256 4610 529 4658 Rauenna
2032 4590 2104 4651 ¹0
