2950 5042
1581 394 1711 460 120

475 583 675 651 verbo
762 582 1021 669 quidem
1097 582 1471 668 respondes.
1593 583 1737 649 Non
1813 602 2082 666 possum
2156 581 2496 667 quicquam
2569 582 2643 648 de
2708 590 2764 651 te

471 690 825 776 suspicari,
890 689 1015 755 nisi
1073 689 1248 773 quod
1304 690 1391 755 sit
1464 688 1902 755 eruditissimo
1963 688 2154 753 simul
2215 694 2284 753 et
2345 687 2764 755 humanissimo

478 796 615 861 viro
663 794 945 877 dignum.
1038 794 1397 878 Episcopus
1445 793 1762 859 Roffensis
1812 794 1853 873 ¹,
1915 794 2014 859 vir
2079 793 2594 859 absolutissimae
2645 795 2768 859 doc-

474 901 718 979 trinae,
780 901 849 965 in
906 899 1038 965 suis
1095 900 1181 966 ad
1234 921 1339 965 me
1387 900 1596 965 literis
1639 901 1736 964 ita
1783 898 1862 964 de
1910 905 1976 964 te
2021 900 2359 963 meminitz‘
2410 900 2623 980 „Quod
2663 902 2770 965 mei

476 1005 846 1073 meminisse
891 1005 1191 1085 volueris,
1240 1011 1307 1071 et
1335 1026 1437 1071 me
1484 1027 1602 1089 per
1634 1005 1860 1071 literas
1907 1004 2212 1085 salutare,
2259 1007 2502 1089 grat-ias
2531 1026 2644 1089 ago
2671 1006 2771 1069 tibi

478 1112 797 1178 maximas
842 1114 911 1177 et
954 1111 1304 1195 praecipue
1350 1111 1525 1195 quod
1573 1111 1653 1176 de
1701 1110 2012 1175 Reuchlin
2057 1115 2194 1175 tam
2225 1109 2563 1193 diligenter
2591 1111 2772 1176 omnia

480 1216 847 1302 scriptia-ie,
903 1216 1009 1281 cui
1064 1237 1181 1299 ego
1238 1214 1429 1281 valde
1497 1216 1682 1281 faveo
1705 1265 1719 1294 ‚
1778 1235 2152 1299 quanquam
2206 1215 2533 1300 incognito
2587 1216 2772 1279 mihi“.

480 1325 575 1389 Ac
619 1321 815 1407 paulo
862 1328 1036 1406 post:
1093 1321 1235 1401 „Ad
1280 1321 1592 1387 Reuchlin
1638 1320 1823 1386 illum
1871 1320 2088 1400 reden,
2134 1323 2317 1407 cujus
2361 1342 2562 1406 opera
2591 1322 2641 1386 si
2669 1342 2774 1405 qua

482 1426 763 1493 ediderit
826 1446 995 1512 quae
1057 1425 1237 1511 apud
1302 1447 1423 1493 nos
1468 1446 1598 1491 non
1645 1426 1922 1506 fuerint,
1995 1447 2181 1492 cures
2253 1448 2496 1511 quaeso
2563 1426 2642 1490 ad
2683 1447 2776 1490 nos

482 1532 775 1619 perferri.
866 1532 1037 1598 Nam
1095 1531 1253 1596 mihi
1314 1531 1504 1597 valde
1563 1531 1782 1616 placet
1849 1531 2124 1599 hominis
2185 1532 2497 1612 eruditio,
2557 1538 2649 1610 ut,
2691 1532 2778 1615 qui

482 1638 753 1705 vicinius
797 1638 884 1703 ad
928 1638 969 1703 J
974 1657 1249 1703 oannem
1295 1638 1520 1703 Picum
1563 1639 1936 1717 accesserit,
1982 1637 2181 1702 aliu'm
2227 1644 2450 1703 extare
2497 1638 2776 1703 neminem

486 1742 767 1809 credam.
864 1741 1137 1823 Vellem,
1194 1744 1494 1823 Erasme‚
1554 1741 1983 1808 sciscitareris
2041 1742 2125 1807 ab
2181 1763 2257 1809 eo
2303 1764 2426 1826 per
2470 1744 2700 1821 literaS,
2737 1742 2777 1805 si

487 1848 658 1915 forte
702 1849 888 1913 illum
930 1870 1059 1915 non
1105 1848 1502 1928 conveneris,
1544 1847 1718 1913 unde
1765 1848 2094 1932 acceperit
2139 1848 2585 1933 genealogiam
2635 1848 2776 1913 illam

487 1958 917 2019 sacrosanctae
961 1954 1223 2037 virginis
1270 1954 1492 2019 Marias
1539 1954 1565 1992 ²
1612 1974 1806 2038 quam
1853 1952 2267 2019 vocabulario
2323 1975 2444 2019 suo
2492 1953 2770 2018 Hebraico

492 2060 815 2144 apposuit.
907 2059 1340 2125 Vehementer
1386 2059 1555 2125 enim
1602 2059 1768 2124 scire
1814 2058 2034 2143 cupio,
2079 2058 2254 2124 unde
2299 2058 2548 2125 habeat
2593 2080 2665 2124 ea
2701 2078 2772 2122 res

492 2164 988 2244 authoritatem,
1059 2164 1376 2250 simulque
1452 2184 1734 2249 quonam
1801 2164 1992 2230 modo
2047 2162 2189 2229 fieri
2247 2166 2475 2249 possit,
2537 2171 2612 2229 ut
2667 2183 2778 2227 cum

484 2271 672 2355 juxta
717 2270 1003 2336 Philonis
1068 2269 1489 2351 breviarium,
1539 2269 1896 2335 Solomonis
1953 2269 2126 2335 linea
2188 2270 2452 2355 penitus
2513 2270 2781 2335 intercisa

491 2376 707 2455 fuerit,
751 2376 897 2459 ipsa
939 2375 1353 2441 nihilominus
1400 2397 1482 2441 ex
1513 2366 1853 2441 Solomone
1891 2374 2025 2440 illic
2059 2374 2470 2442 descendisse
2503 2376 2781 2442 tradatur.

494 2480 782 2560 Coneris,
829 2482 1118 2561 Erasme,
1164 2487 1238 2546 ut
1282 2502 1464 2547 meus
1497 2480 1810 2547 Reuchlin
1857 2478 2157 2564 dignetur
2186 2501 2288 2546 me
2321 2481 2402 2546 de
2435 2481 2538 2547 his
2571 2480 2785 2547 duobus

496 2586 839 2653 certiorem
895 2586 1175 2653 facere“.
1266 2588 1551 2653 Rursum
1595 2587 1661 2651 in
1705 2584 1863 2651 fine:
1963 2585 2178 2667 „Vale,
2224 2588 2471 2671 optime
2534 2588 2786 2661 Erasme‚

495 2697 563 2757 et
619 2713 723 2757 me
782 2692 908 2776 ipsi
953 2690 1271 2757 Reuchlin
1326 2690 2031 2761 commendatissimum
2092 2692 2321 2773 facias,
2387 2714 2583 2777 quem
2643 2688 2786 2755 haud

492 2796 687 2862 dubie
732 2798 1005 2863 viserem
1049 2798 1208 2881 ipse,
1254 2797 1309 2863 si
1354 2818 1484 2863 non
1529 2798 1629 2863 his
1674 2798 1877 2863 sacris
1921 2797 2207 2864 vestibus
2249 2819 2459 2865 essem
2497 2797 2787 2863 indutus“.

490 2903 671 2968 Haec
716 2901 891 2982 mihi,
939 2902 1269 2982 Reuchlin,
1314 2903 1412 2967 vir
1455 2901 1565 2968 ille
1613 2901 2009 2969 clarissimus
2056 2910 2286 2989 suapte
2343 2926 2546 2971 manu
2590 2904 2670 2969 ad
2709 2920 2787 2964 me

494 3008 786 3091 scripsit,
834 3027 1002 3091 quae
1048 3006 1132 3072 ad
1178 3007 1447 3073 verbum
1492 3007 1579 3072 ad
1623 3013 1691 3074 te
1737 3010 2150 3094 transcripsi,
2198 3016 2275 3076 ut
2320 3032 2400 3075 ex
2446 3011 2548 3077 his
2594 3006 2789 3075 intelli-

496 3133 630 3196 gas,
678 3112 909 3197 quanti
950 3118 1017 3177 te
1064 3112 1281 3177 faciat.
1376 3113 1621 3198 Dignus
1668 3121 1770 3179 est
1815 3115 1940 3180 cui·
1965 3136 2208 3181 morem
2239 3122 2425 3201 gerat
2454 3115 2788 3182 humanitas

496 3224 615 3283 tua
656 3217 763 3283 vel
808 3216 891 3283 ob
935 3216 1058 3283 hoc
1102 3218 1331 3303 ispum,
1379 3218 1554 3305 quod
1599 3224 1665 3285 te
1712 3226 1848 3285 tam
1895 3221 2202 3287 ardenter
2245 3228 2444 3287 amat.
2538 3220 2666 3287 Nos
2695 3218 2790 3282 hoo

1641 3354 1678 3393 *

493 3436 684 3488 beiden
734 3436 897 3489 briefe
946 3436 1038 3487 des
1083 3437 1337 3488 Erasmus
1386 3436 1509 3488 sind
1556 3438 1730 3489 weder
1775 3440 1833 3490 in
1884 3438 1985 3490 den
2020 3440 2153 3508 Epp.
2199 3441 2280 3492 ill.
2332 3441 2428 3492 vir.
2465 3442 2604 3493 noch
2642 3442 2688 3489 in
2723 3438 2792 3486 der

490 3526 863 3576 Erasmischen
900 3524 1338 3593 briefsammlung
1376 3526 1630 3578 erhalten.

643 3620 665 3663 1
725 3614 1023 3680 Episcopus
1072 3614 1353 3682 Roffensis]
1400 3615 1676 3666 Johannes
1728 3616 1946 3667 Fischer
1988 3616 2112 3683 geb.
2163 3632 2208 3668 e.
2253 3618 2404 3680 1455,
2455 3617 2569 3668 tritt
2613 3617 2665 3665 in
2713 3612 2790 3662 den

497 3701 815 3767 geistlichen
862 3703 1043 3764 stand,
1089 3703 1221 3754 wird
1268 3700 1598 3755 beichtvater
1646 3703 1738 3753 der
1778 3705 1950 3769 grafia
2000 3721 2104 3755 von
2140 3704 2456 3769 Richmond‚
2511 3706 2602 3755 der
2637 3709 2791 3753 mutter

496 3789 755 3841 Heinrich
796 3789 911 3840 vn.
984 3793 1095 3841 Von
1137 3792 1335 3843 diesem
1374 3792 1504 3841 wird
1557 3808 1614 3843 er
1654 3794 1790 3843 1504
1825 3808 1945 3843 zum
1997 3792 2213 3843 bischof
2249 3809 2353 3843 von
2399 3794 2684 3845 Rochester
2724 3804 2793 3854 ge·
2900 3808 2901 3811 ¹

496 3877 699 3941 macht,
749 3878 857 3927 und
906 3888 1007 3929 von
1054 3878 1188 3942 ihm,
1244 3880 1342 3929 wie
1394 3895 1500 3930 von
1535 3880 1794 3932 Heinrich
1835 3881 1955 3934 VIII
2006 3882 2128 3933 sehr
2169 3882 2308 3933 hoch
2351 3883 2640 3948 geschatzt.
2709 3880 2792 3927 Des
2899 3882 2901 3933 ἶ

496 3965 745 4016 letzteren
782 3967 907 4016 hass
944 3966 1087 4017 zieht
1124 3983 1180 4017 er
1224 3967 1340 4018 sich
1391 3985 1487 4032 zu,
1542 3968 1624 4019 als
1660 3985 1716 4019 er
1751 3971 1870 4020 sich
1907 3971 2147 4037 weigert,
2195 3970 2383 4021 dessen
2435 3976 2572 4021 erate
2609 3968 2698 4019 eho
2729 3966 2794 4013 fiir
2900 3936 2901 3995 l

495 4054 741 4120 ungffltig
790 4068 855 4103 zu
902 4054 1168 4119 arkint-en,
1217 4056 1325 4106 und
1360 4056 1604 4120 erleidet,
1659 4056 1894 4109 dadurch
1933 4056 2040 4108 und
2077 4058 2240 4109 durch
2279 4060 2444 4109 vieles
2483 4058 2668 4109 andere
2703 4067 2791 4102 ver·

494 4142 713 4208 dachtig
748 4142 1053 4207 geworden,
1093 4142 1193 4193 den
1228 4144 1347 4207 tod,
1386 4149 1451 4195 22
1491 4146 1623 4196 «Iuni
1667 4148 1818 4197 1535.
1897 4146 2015 4213 Vgl.
2055 4148 2290 4214 Herzog,
2327 4139 2791 4212 realenoyklopadie

498 4230 586 4291 IV,
611 4244 653 4279 s.
680 4232 785 4282 408
808 4232 861 4281 ff.
937 4232 1057 4281 Wic
1088 4231 1209 4283 sehr
1246 4248 1301 4283 er
1327 4234 1588 4285 Reuchlin
1626 4234 1876 4297 schutzte,
1915 4235 2123 4286 werden
2161 4237 2257 4285 wir
2291 4236 2430 4286 noch
2455 4236 2632 4300 haufig
2665 4234 2711 4280 in
2734 4228 2789 4277 ei-

494 4331 663 4381 genen
688 4322 1049 4385 &usserungen
1072 4319 1180 4370 und
1203 4321 1409 4372 briefen·
1428 4322 1523 4373 des
1549 4322 1798 4373 Erasmus
1825 4324 2247 4389 ausgesprochen
2272 4324 2463 4374 finden.
2555 4326 2584 4372 2
2612 4315 2790 4386 geneal·

500 4406 655 4472 Mai-‚1
690 4408 799 4473 νεὶ.
848 4408 1165 4459 Rudimenta
1218 4410 1470 4462 hebraica
1513 4427 1556 4463 e.
1610 4414 1670 4462 19
1705 4412 1788 4461 bis
1831 4414 1914 4463 31.
1989 4412 2097 4462 Der
2133 4412 2372 4478 gelehrte
2423 4409 2634 4463 bischof
2671 4407 2790 4455 hatte

500 4494 690 4543 wissen
732 4494 936 4557 diirfen,
970 4494 1093 4546 dass
1133 4497 1279 4547 dieso
1314 4499 1640 4566 Genealogie
1679 4514 1773 4551 nus
1803 4500 1936 4551 huk.
1975 4514 2091 4565 cap.
2133 4502 2164 4550 3
2203 4515 2291 4550 vv.
2333 4502 2400 4550 23
2439 4499 2521 4550 bis
2559 4499 2624 4550 38
2657 4494 2732 4545 ist·
