2950 5042
1593 410 1724 478 362

663 606 925 668 Vct-rede
956 624 1029 666 an
1062 606 1338 691 erabisch.
1374 605 1538 667 Albr.
1575 623 1625 668 a.
1665 613 1736 668 2⁸
1758 653 1807 669 ..
1843 626 1876 666 a
1911 603 2003 668 41».

691 711 907 772 Crocus
939 712 1061 772 lobt
1094 713 1191 772 ihn
1224 713 1359 772 sehr
1392 714 1510 772 und
1541 711 1695 774 fahrt
1726 715 1882 774 dann
1911 715 2050 774 fort:

666 813 871 893 Quam
920 813 1247 880 hominum
1296 814 1377 880 de
1424 821 1490 880 te
1538 815 2058 900 pulcherrimam,
2114 839 2272 883 sane
2324 817 2777 902 pulcherrimam

482 919 853 1004 opinionem
887 941 1010 984 non
1044 919 1235 984 modo
1266 919 1643 1005 frequentes
1678 921 1815 1007 (qni
1847 922 2020 1005 apud
2055 929 2120 988 te
2163 923 2342 1009 sunt)
2375 924 2438 988 in
2471 923 2632 990 omni
2658 922 2780 988 doc-

482 1025 803 1092 trinarum
854 1047 1085 1109 genere
1130 1026 1251 1090 viri
1294 1027 1903 1094 consummatissimi
1933 1034 2001 1092 et
2031 1028 2200 1093 inter
2233 1050 2344 1094 eos
2375 1031 2612 1113 primus
2637 1029 2776 1094 idem

476 1132 1003 1217 jurisperitorum
1026 1131 1215 1198 facile
1241 1133 1540 1216 princeps
1563 1133 1952 1198 Laurentius
1967 1133 2176 1198 Zcoch
2201 1134 2622 1202 cancellarius
2643 1141 2776 1211 tuus,

484 1239 816 1304 rarissima
854 1237 1043 1302 homo
1073 1237 1380 1304 facundia
1412 1245 1480 1302 et
1511 1238 1740 1322 insigni
1774 1259 1920 1304 cum
1951 1240 2280 1324 aequitate,
2304 1247 2444 1306 tum
2473 1240 2777 1325 prudentia

485 1343 647 1408 satis
680 1342 1098 1410 declararunt
1130 1363 1349 1408 verum
1386 1344 1584 1408 etiam
1617 1343 1778 1410 illud
1809 1344 1984 1428 quod
2016 1343 2304 1412 oblatum
2342 1346 2467 1412 tibi
2497 1367 2538 1411 a
2567 1346 2772 1430 Peperi-

484 1455 682 1514 σοι-’πο
736 1447 955 1533 judaeo
1020 1448 1173 1514 olim
1236 1471 1404 1514 nunc
1470 1469 1707 1535 corpus
1777 1449 2008 1516 saltem
2081 1452 2314 1530 tincto,
2395 1451 2624 1518 librum
2679 1472 2762 1514 non

482 1554 675 1620 modo
736 1575 861 1619 non
920 1555 1266 1633 recusasti,
1330 1555 1447 1620 sed
1507 1555 1779 1639 benigne
1829 1553 1956 1642 (uti
2000 1557 2355 1642 principem
2408 1557 2642 1644 decuit)
2680 1557 2771 1640 pri-
2908 1621 2909 1624 ,

482 1681 657 1726 mum
704 1659 1033 1744 accepisti.
1116 1663 1235 1726 Ast
1282 1660 1395 1726 nbi
1442 1659 1719 1728 eundem
1765 1660 2151 1746 perlegisses
2196 1671 2397 1748 atque
2446 1664 2598 1730 nihil
2639 1660 2777 1728 aliud
2908 1651 2909 1716 Ῠ

480 1765 915 1832 intellexisses
960 1766 1512 1850 comprehendere
1561 1789 1756 1852 quam
1807 1767 2122 1838 barbaras
2171 1769 2490 1854 quasdem
2537 1776 2600 1836 et
2639 1770 2779 1851 inep-

458 1879 586 1938 tas
634 1871 713 1937 de
762 1878 826 1936 te
876 1872 1103 1938 landes
1162 1893 1403 1957 easque
1466 1874 1532 1937 in
1581 1873 1938 1940 doctissimi
1985 1875 2105 1939 viri
2150 1875 2427 1942 ‚Ioannis
2476 1873 2778 1960 Capnionis
2908 1889 2909 1964 ζ

484 1977 616 2062 (cui
679 1977 955 2044 similem
1016 1979 1123 2044 vix
1180 1978 1461 2044 alterum
1525 1985 1745 2044 vestra
1799 1978 2001 2044 habet
2054 1980 2301 2065 patria)
2359 1981 2551 2048 famae
2609 1977 2778 2065 perni-
2908 1973 2909 2026 ἓ

482 2086 647 2150 ciem
693 2083 1066 2164 instructas,
1114 2091 1251 2150 tam
1298 2091 1363 2152 te
1410 2087 1740 2170 accepisse
1791 2083 2058 2150 dolebas
2115 2107 2308 2171 quam
2369 2109 2446 2153 es
2493 2088 2575 2152 ad
2619 2086 2782 2152 homi·

482 2211 598 2255 nes
636 2187 959 2273 juvandos
1006 2212 1132 2254 non
1180 2189 1511 2256 laedendos
1557 2191 2131 2275 propensissimae,
2189 2193 2370 2258 nulla
2427 2193 2682 2278 perinde
2729 2210 2783 2254 re

485 2295 777 2380 captioso
825 2298 1074 2360 muneri
1122 2296 1409 2362 infensus
1455 2317 1531 2362 ac
1582 2297 1734 2382 quia
1781 2305 1896 2362 tuo
1944 2298 2197 2362 nomine
2245 2300 2438 2384 quasi
2492 2299 2634 2364 suco
2676 2303 2787 2362 ute·

462 2409 666 2467 ⁴retur
720 2422 847 2486 quo
918 2403 1241 2486 potuisset
1304 2404 1367 2468 in
1432 2403 1702 2468 alterius
1751 2402 1988 2474 famam
2043 2402 2345 2470 licentius
2413 2402 2785 2470 debacchari.

484 2507 670 2586 Quod
715 2507 1009 2592 profecto
1054 2507 1297 2574 factum
1348 2515 1534 2574 tuum
1581 2514 1834 2574 tantum
1883 2508 2006 2574 tibi
2052 2509 2263 2575 laudis
2309 2513 2570 2596 peperit
2617 2524 2787 2595 qnan-

480 2619 621 2678 tum
664 2613 805 2698 ipse
850 2634 1062 2699 neque
1109 2621 1303 2698 putas
1344 2613 1486 2700 (qni
1531 2614 1705 2682 omni
1752 2614 1964 2680 laudis
2012 2616 2328 2682 maximus
2374 2637 2450 2684 es
2497 2623 2786 2696 contemp-

482 2715 617 2804 tor)
664 2718 781 2785 sed
828 2739 1037 2805 neque
1072 2741 1187 2804 ego
1220 2719 1511 2786 divinare
1541 2739 1828 2804 possum,
1876 2720 1985 2806 qui
2031 2741 2176 2788 cum
2221 2723 2442 2788 omnia
2475 2729 2542 2788 et
2571 2739 2788 2789 summa

480 2824 603 2891 tibi
666 2824 921 2900 deferre
982 2824 1173 2891 velim
1234 2825 1391 2891 nihil
1460 2827 1523 2890 in
1586 2825 1706 2896 hoc
1769 2834 1882 2894 tuo
1946 2829 2269 2913 praeconio
2334 2828 2578 2912 possim
2637 2826 2789 2908 desy-

482 2931 734 2998 derare.
828 2931 966 3011 Quo
999 2953 1155 2998 sane
1190 2929 1490 3000 effectum
1539 2938 1670 3012 est,
1720 2938 1793 2998 ut
1838 2932 2190 3000 doctissimi
2241 2935 2482 3020 quique
2531 2933 2645 3000 viri
2671 2951 2787 2997 sese

482 3037 603 3103 tibi
660 3038 974 3104 memoria
1030 3036 1323 3104 beneficii
1380 3038 1778 3124 sempiterna
1833 3038 2182 3108 obstrictos
2239 3040 2592 3106 fateantur.
2679 3037 2789 3104 Ma·
2908 3029 2909 3048 *

477 3143 666 3210 nabit
710 3145 929 3228 igitur,
976 3143 1129 3210 mihi
1162 3144 1375 3225 crede,
1423 3144 1544 3212 hoc
1591 3151 1727 3210 tam
1759 3144 2146 3231 praeclarum
2185 3144 2440 3213 facinus
2481 3147 2569 3212 ad
2605 3149 2788 3230 poste-

481 3271 621 3326 r08‚
684 3249 1045 3318 laudabunt
1090 3256 1185 3330 te,
1233 3250 1469 3336 quibus
1517 3256 1584 3316 te
1631 3250 1850 3316 videre
1901 3271 2230 3336 nunquam
2276 3273 2648 3319 concessum
2693 3254 2786 3314 est.
2908 3281 2909 3344 3

480 3355 861 3422 Nar-rabunt
903 3376 1031 3422 non
1079 3356 1386 3424 Germani
1431 3356 1642 3436 modu,
1691 3356 1809 3424 sed
1851 3356 2058 3441 Angli,
2107 3357 2224 3424 sed
2263 3357 2454 3438 Galli,
2505 3357 2619 3424 sed
2647 3352 2788 3428 Itali,
2908 3353 2909 3356 ’

481 3482 676 3547 quam
738 3461 873 3528 alto
936 3462 1118 3529 vultu
1175 3462 1345 3528 dona
1404 3464 1724 3548 rejecerat
1783 3463 2180 3542 nocentium,
2243 3459 2785 3546 Magdeburgensis

482 3573 552 3634 et
596 3568 1115 3653 Magantinensis
1162 3568 1335 3636 sedis
1380 3567 1925 3654 archiepiscopus.
2019 3569 2207 3634 Dann
2255 3569 2478 3636 riihmt
2523 3589 2596 3634 er
2637 3565 2786 3633 seine

481 3673 861 3760 umgebung‚
909 3674 1265 3741 besonders
1310 3673 1436 3740 den
1485 3681 1628 3740 arzt
1672 3675 1872 3741 Henr.
1923 3674 2215 3741 Stromer
2246 3673 2669 3750 Aul-bachius,
2708 3690 2781 3734 er-

480 3779 687 3859 klart,
750 3779 903 3846 dass
966 3801 1037 3846 er
1097 3803 1211 3847 zur
1260 3781 1582 3866 widmung
1643 3780 1850 3846 durch
1895 3780 2178 3846 Thomas
2225 3769 2446 3846 Morus
2511 3781 2789 3861 angeregt

478 3884 739 3952 worden
800 3888 895 3952 sei
955 3886 1087 3966 und
1152 3886 1500 3965 bedauert,
1569 3887 1720 3953 dass
1767 3886 2118 3952 Gervasius
2167 3887 2448 3952 Amenus
2509 3885 2626 3951 mit
2667 3881 2786 3946 der-

479 3991 703 4058 selben
748 3992 967 4060 arbeit
1013 3992 1403 4077 beschaftigt
1449 3993 1548 4058 sei
1578 3991 1712 4057 und
1739 3992 1946 4076 preist
1991 3991 2368 4057 schliesslich
2413 3992 2536 4056 den
2581 3990 2788 4066 herzog

478 4096 693 4182 Georg
726 4118 849 4164 von
882 4097 1165 4165 Sachsen
1198 4097 1329 4162 und
1364 4097 1469 4163 die
1503 4097 1840 4182 Leipziger
1871 4098 2274 4178 universitat,
2305 4098 2420 4164 der
2451 4119 2524 4163 er
2553 4111 2787 4181 grossen

476 4202 655 4268 dank
712 4202 1006 4286 schuldig
1066 4204 1178 4270 sei.
1274 4203 1431 4270 Vale
1493 4204 1729 4288 Lypsie
1773 4202 1985 4288 pridie
2045 4203 2307 4270 Calend.
2362 4204 2552 4269 Janu.
2597 4201 2676 4283 (o.
2715 4197 2786 4273 J.)

656 4314 741 4372 Zu
785 4330 831 4372 s.
870 4315 1016 4374 326.
1094 4303 1253 4375 Uber
1308 4316 1403 4374 die
1447 4315 1733 4374 romische
1782 4313 2194 4389 entscheidung
2237 4317 2314 4374 im
2359 4308 2788 4373 reuchlinischen
2908 4363 2909 4366 ,

481 4418 684 4475 streite
712 4417 955 4478 handelt
985 4419 1131 4478 auch
1160 4418 1426 4494 folgende
1458 4422 1631 4481 notiz.
1681 4421 1857 4480 Peter
1889 4419 2192 4494 Gebwyler
2223 4419 2474 4478 schreibt
2503 4435 2578 4477 an
2608 4415 2785 4488 Capito

488 4519 667 4596 (3⁰¹³
700 4524 783 4585 24
812 4523 959 4603 ΑΗΒ·
1004 4521 1227 4602 152⁰)1
1275 4525 1413 4592 Fuit
1448 4533 1656 4592 contra
1684 4526 1758 4592 D.
1791 4527 1885 4596 Jo,
1921 4525 2204 4594 Reuchlin
2247 4525 2566 4596 novissimis
2610 4517 2785 4585 diebus
2908 4553 2909 4556 =
