2950 5042
1285 402 1408 469 199

223 588 428 657 schabe
471 588 584 658 wol
615 610 830 677 wegen
860 590 1076 659 seiner
1103 588 1470 661 verdienste
1500 614 1613 661 um
1644 592 1751 661 die
1782 592 2165 663 hebraische
2212 596 2504 681 sprache.

221 694 492 783 Quodque
535 718 661 765 non
705 698 1100 782 ignorarent,
1147 720 1251 765 me
1298 703 1452 765 ante
1502 720 1724 768 omnes
1768 700 1955 768 annis
2002 702 2174 768 citra
2221 701 2506 789 quadra·

219 803 368 887 ginta
416 824 632 870 rursus
694 802 1090 871 Alemanniae
1155 802 1442 871 scholam
1512 824 1724 889 graeca
1792 805 2115 873 elementa
2188 806 2508 890 docuisse,

215 928 336 993 quae
371 908 504 993 ipse
547 930 662 994 ego
709 909 1034 996 quondam
1079 910 1146 975 in
1193 916 1413 977 vestra
1443 908 1661 977 Gallia
1706 931 1785 977 ex
1834 910 2169 998 discipulis
2202 912 2500 997 Gregorii

215 1012 586 1097 Tiphernatis
610 1015 994 1083 adulescens
1018 1014 1251 1082 Parisii
1280 1034 1662 1099 acceperam
1696 1035 1865 1083 anno
1894 1016 2153 1084 Domini
2175 1024 2297 1084 147
2305 1023 2342 1084 3
2374 1040 2501 1104 quo

211 1118 264 1183 in
305 1124 576 1205 tempore
635 1120 768 1187 illio
829 1128 897 1188 et
951 1122 1270 1188 «Ioannem
1315 1120 1721 1207 Lapidanum
1779 1121 2121 1207 theologiae
2169 1120 2506 1190 doctorem

211 1224 265 1289 in
300 1225 720 1307 grammaticis
778 1225 865 1293 ad
911 1225 1286 1307 Serbonam,
1351 1234 1420 1293 et
1475 1226 1890 1294 Guilielmum
1944 1228 2293 1295 Tardivum
2354 1228 2513 1295 Ani-

212 1329 456 1396 oiensem
507 1331 572 1397 in
633 1332 773 1399 vico
821 1331 883 1399 S.
931 1332 1272 1399 Genovefae
1318 1338 1384 1399 et
1443 1332 1849 1400 Roberthum
1910 1332 2275 1418 Gaguinum
2333 1334 2512 1418 apud

195 1434 534 1504 ·Maturinos
577 1438 644 1504 in
690 1437 1058 1505 Rhetoricis
1101 1444 1541 1523 praeceptores
1586 1437 1802 1505 audivi
1822 1486 1838 1519 ,
1885 1459 2035 1505 cum
2080 1460 2291 1505 essem
2336 1460 2373 1505 e
2418 1439 2513 1505 fa-

210 1541 359 1607 milia
399 1543 792 1611 Marchionis
837 1542 1150 1610 Friderici
1210 1542 1531 1629 Principis
1578 1542 1930 1625 Badensis,
1991 1564 2161 1611 nuno
2207 1543 2514 1629 Episcopi

211 1646 610 1733 Trajectentis
677 1651 1085 1740 συμφοιτητῆς
1138 1651 1180 1713 ¹.
1305 1650 1582 1715 Demum
1653 1655 1800 1733 post
1875 1648 2127 1735 aliquot
2202 1670 2407 1716 annos
2476 1670 2513 1715 e

212 1750 414 1819 Suevia
458 1754 724 1822 rediens
769 1754 855 1822 ad
900 1754 1187 1821 Parisios
1219 1754 1567 1839 Georgium
1598 1754 2106 1839 Hermonymum
2138 1753 2515 1839 Spartiaten

196 1878 384 1941 ·graece
441 1860 786 1931 docentem
832 1864 1220 1946 assequutus
1265 1882 1428 1927 sum.
1522 1858 1790 1946 Cunque
1852 1860 2245 1944 optimarum
2295 1860 2519 1927 litera-

210 1985 325 2030 rum
367 1967 643 2035 studiosi
689 1987 912 2034 omnes
945 1972 1272 2033 nostrates
1303 1964 1739 2032 confiteantur
1768 1985 1838 2031 se
1869 1985 2077 2049 graeca
2108 1970 2176 2031 et
2206 1964 2519 2033 hebraica

209 2090 291 2136 me
333 2078 560 2139 autore
624 2073 938 2158 primario
983 2071 1288 2139 didicisse
1305 2120 1321 2153 ,
1369 2092 1497 2138 non
1539 2071 1757 2156 potuit
1799 2067 2323 2137 adversariorum
2370 2069 2519 2138 bar-

210 2174 485 2244 barorum
541 2200 728 2245 mera
788 2178 1096 2265 superbia
1149 2198 1335 2263 aequo
1390 2176 1606 2243 animo
1652 2176 1825 2243 ferre
1874 2180 2060 2243 tanta
2118 2195 2277 2241 meae
2326 2175 2517 2242 famae

209 2283 535 2365 praeconia,
598 2304 888 2368 persaepe
932 2282 1453 2365 formidantium,
1501 2281 1674 2369 quod
1720 2280 2159 2349 ornatioribus
2204 2279 2521 2349 doctrinis

211 2385 436 2455 imbuta
486 2390 877 2474 posteritas,
935 2389 1214 2475 puerilia
1259 2386 1476 2455 studia
1520 2393 1589 2455 et
1633 2386 1838 2453 aniles
1900 2385 2309 2472 disciplinae,
2378 2407 2523 2473 quae

200 2491 404 2575 jandiu
470 2494 537 2561 in
606 2506 827 2561 nostra
893 2494 1361 2563 consuetudine
1409 2498 1771 2574 versantur,
1820 2497 2209 2559 contemnat.
2302 2490 2523 2577 Gegen

206 2596 362 2666 diese
407 2599 682 2686 angriffe
728 2600 896 2668 habe
945 2622 1018 2667 er
1063 2600 1201 2667 sich
1249 2598 1658 2683 vertheidigt,
1704 2596 1964 2665 schicke
1995 2596 2127 2662 ihm
2159 2596 2263 2663 die
2300 2595 2531 2662 schrift

206 2704 321 2769 und
364 2705 482 2773 das
529 2706 823 2792 erlangte
867 2705 1255 2773 kaiserliohe
1303 2705 1593 2785 mandat,
1638 2703 1772 2770 und
1817 2703 1985 2769 bitte
2032 2702 2177 2782 ihn,
2236 2701 2343 2767 die
2388 2721 2528 2767 ver-

205 2807 828 2898 theidigungsschrift
858 2812 976 2879 der
1004 2812 1267 2879 Pariser
1311 2810 1596 2878 fakultat
1639 2830 1716 2876 zu
1763 2806 2190 2876 iiberreichen
2235 2804 2370 2872 und
2416 2806 2528 2872 bei

204 2914 294 2981 ihr
334 2940 530 2985 warm
580 2940 658 2985 zu
705 2919 930 2985 seinen
975 2925 1252 3004 gunsten
1298 2940 1375 2985 zu
1423 2914 1765 3001 sprechen.
1860 2914 1959 2980 Ex
1990 2911 2392 2997 Stutgardia,
2440 2910 2526 2978 ad

217 3020 462 3091 circiter
505 3024 677 3111 prid.
721 3023 850 3090 kal.
899 3024 1076 3110 Sept.
1121 3045 1291 3091 anno
1343 3028 1532 3089 1513.

362 3133 689 3195 Gedruckt:
731 3139 760 3195 1
787 3134 944 3195 =J.
965 3153 1018 3196 v.
1040 3152 1090 3195 e.
1132 3129 1202 3195 vb
1238 3134 1327 3195 bis
1343 3152 1396 3195 v.
1425 3136 1525 3206 3³3
1562 3130 1963 3204 2==Bulaeus‚
1984 3128 2227 3189 historia
2248 3129 2531 3189 universi-

203 3239 322 3298 tatis
340 3241 686 3300 Parisiensis
704 3240 804 3315 VI,
836 3260 894 3316 p.
933 3242 1009 3301 61
1048 3240 1135 3300 bis
1171 3244 1284 3314 63;
1322 3243 1358 3301 3
1379 3236 1879 3313 :Herminjard,
1912 3233 2407 3310 correspondance
2436 3235 2539 3295 des

205 3342 604 3407 reformateurs
636 3346 782 3407 dans
812 3348 896 3408 les
926 3364 1069 3423 pays
1100 3346 1174 3407 de
1202 3347 1415 3421 langue
1443 3344 1733 3432 francaise
1762 3344 1811 3419 1,
1844 3340 2077 3420 (1866)
2110 3360 2155 3403 s.
2192 3344 2251 3402 9.
2293 3342 2391 3401 15.

1213 3530 1529 3598 CLXXII.

339 3621 521 3671 mainz
1918 3649 1928 3655 .
2051 3616 2082 3667 9
2126 3614 2269 3679 Sept.
2318 3613 2468 3663 1513.

210 3706 256 3780 J
259 3708 535 3785 acobus
573 3707 1080 3784 Hochstraten
1115 3707 1509 3808 inquisitor
1545 3702 2005 3780 Coloniensis
2042 3728 2143 3777 an
2178 3699 2545 3776 Reuchlin

207 3854 376 3922 citirt
429 3856 563 3938 ibn,
610 3860 686 3922 ut
732 3855 817 3921 ad
864 3857 1035 3923 diem
1083 3862 1337 3923 sextum
1382 3852 1677 3940 proxime
1723 3856 1872 3938 post
1917 3848 2231 3938 ejusmodi
2292 3846 2548 3915 citatio-

210 3958 299 4027 nis
359 3961 811 4029 executionem
860 3967 1270 4048 compareret
1316 3960 1683 4045 Moguntiae.

379 4073 513 4149 Vgl.
547 4079 680 4135 acta
703 4074 1056 4147 judiciorum
1085 4073 1226 4152 (ng.
1261 4072 1525 4146 Bocking
1552 4069 1740 4147 suppl.
1775 4067 1851 4145 11,
1884 4083 1931 4127 s.
1968 4064 2127 4141 100)
2157 4065 2211 4124 A
2245 4066 2337 4123 2⁸.

217 4260 314 4312 und
349 4261 778 4329 gelehrtenleben
813 4263 886 4317 im
925 4280 1004 4315 za.
1045 4263 1136 4315 der
1171 4263 1284 4328 ref„
1320 4203 1587 4327 Etlangen
1632 4259 1789 4322 1866,
1837 4273 1881 4310 s.
1920 4257 1987 4308 95
2026 4254 2109 4307 bis
2157 4257 2273 4319 128,
2314 4255 2411 4303 371
2441 4252 2552 4304 ‚bis

221 4348 358 4401 395»

356 4441 376 4486 1
417 4424 559 4493 fiber
608 4439 696 4492 die
745 4440 860 4493 hier
917 4446 1218 4509 genannten
1269 4454 1531 4512 personen
1591 4436 1700 4515 vgl.
1751 4431 2087 4499 Herminjard
2144 4446 2191 4491 a,
2244 4446 2291 4489 a.
2341 4448 2389 4487 o.
2446 4427 2557 4485 und

226 4521 472 4587 Rauenna
504 4544 547 4582 s.
588 4530 620 4589 9
661 4530 718 4590 ff.
