2950 5042
1591 397 1720 468 346

488 589 757 659 blicavit
802 591 1075 658 eundem
1120 609 1189 657 se
1221 588 1560 674 Virgilium
1603 587 1932 656 ordinaria
1977 589 2255 658 lectione
2302 591 2558 657 tandem
2601 613 2782 676 egres-

488 719 711 764 surum
757 718 920 763 esse.
996 697 1199 776 Quem
1250 697 1389 781 ejus
1434 700 1756 761 amentem
1807 696 2090 761 animum
2137 716 2263 761 non
2310 715 2536 781 parum
2577 695 2782 762 acerbe

488 803 869 881 admirarer,
927 802 1049 868 nisi
1111 801 1375 886 legerim
1436 799 1614 884 apud
1671 800 2080 867 Theocritum
2153 801 2215 866 in
2283 823 2357 866 eo
2419 802 2579 867 libro
2621 824 2783 886 quem

486 909 571 975 ad
618 908 857 974 Persen
905 907 1285 992 conscripsit
1333 905 1701 992 hujusmodi
1748 908 2172 974 sententiam:

908 1053 1126 1104 Invidus
1162 1059 1240 1103 est
1278 1053 1473 1120 figulus
1511 1051 1674 1119 figulo
1711 1052 1795 1103 vel
1833 1069 2028 1118 egenus
2065 1069 2245 1120 egeno.

664 1185 1085 1270 Quapropter
1163 1182 1437 1252 ubilibet
1510 1185 1767 1252 unicam
1831 1183 2172 1252 lectionem
2245 1204 2372 1250 non
2447 1184 2630 1250 decet
2685 1203 2794 1248 am-

489 1289 609 1357 bos
656 1290 1036 1376 explanare,
1085 1290 1271 1356 velim
1321 1292 1383 1356 in
1434 1312 1514 1356 ea
1559 1313 1630 1357 re
1675 1297 1858 1356 tuum
1907 1289 2338 1355 deliberatum
2375 1289 2711 1374 judicium,
2750 1287 2796 1352 si

488 1395 609 1461 tibi
654 1396 995 1480 placuerit.
1087 1395 1383 1462 Sinamus
1431 1419 1574 1462 eum
1639 1397 1872 1462 docere
1931 1396 2272 1480 poeticam,
2320 1401 2392 1460 at
2451 1417 2568 1461 nos
2613 1400 2796 1460 orato-

485 1501 653 1568 riam
698 1523 1187 1586 prosequamur.
1240 1501 1308 1566 ln
1360 1523 1490 1587 qua
1538 1502 1795 1586 quidem
1845 1509 1988 1567 arte
2039 1507 2284 1586 quanta
2313 1500 2678 1586 possideam
2719 1520 2797 1564 se-

486 1614 687 1688 creta,
736 1612 982 1692 quanta
1028 1628 1343 1690 generosa
1389 1615 1736 1693 praecepta,
1789 1630 1869 1673 ne
1918 1628 2200 1694 unquam
2248 1606 2404 1671 mihi
2456 1604 2795 1682 credideris,

491 1713 615 1778 nisi
660 1711 813 1778 dum
848 1713 1222 1798 experiaris,
1317 1713 1423 1778 Sin
1475 1712 1784 1798 epistolas
1815 1735 1965 1779 vero
2013 1713 2349 1798 cujusdam
2397 1709 2798 1799 antiquissimi

488 1817 782 1899 Romani,
829 1819 933 1884 cui
979 1839 1208 1884 nomen
1246 1825 1346 1884 est
1378 1818 1762 1903 Symmacho
1793 1819 2002 1898 malis,
2051 1839 2162 1884 eas
2196 1839 2314 1902 ego
2346 1839 2606 1902 quoque
2651 1815 2796 1880 solus

484 1924 713 1991 habeo,
809 1925 933 1992 Sed
980 1923 1067 1990 ad
1116 1944 1468 1990 summam:
1519 1925 1756 2010 quippe
1823 1924 1976 1989 mihi
2045 1924 2300 1989 videtur
2361 1920 2797 1988 conducibilius

484 2051 564 2096 ac
608 2029 905 2098 omnibus
951 2029 1284 2114 discipulis
1331 2029 1415 2096 ad
1460 2036 1638 2096 artes
1685 2052 2127 2117 quascumque
2160 2029 2559 2114 generaliter
2590 2026 2794 2103 utiliuS,

486 2143 562 2201 ut
610 2137 665 2202 si
714 2135 1106 2222 Gegenbach
1151 2137 1493 2220 poeticam,
1555 2157 1672 2221 ego
1721 2159 1872 2202 vero
1917 2136 2330 2214 rethoricam,
2389 2134 2689 2221 equidem
2727 2131 2800 2194 ni-

374 2235 377 2240 ’
486 2240 581 2307 hil
624 2242 929 2325 incipiam
976 2241 1116 2307 sine
1164 2247 1277 2306 tuo
1310 2249 1377 2306 et
1424 2241 1693 2307 consilio
1741 2249 1808 2307 et
1828 2242 2096 2327 judicio.
2150 2240 2326 2320 Vale,
2374 2239 2797 2306 colendissime

487 2349 799 2434 magister
844 2353 911 2414 et
955 2347 1242 2414 rescribe
1280 2347 1301 2386 ¹
1348 2346 1516 2450 quid·
1550 2347 1616 2412 in
1664 2369 1742 2413 ea
1773 2365 1859 2414 're
1907 2369 2009 2414 me
2055 2347 2379 2414 facturum
2432 2346 2609 2412 velis.

665 2456 988 2518 Handschr.
1026 2477 1109 2514 =
1142 2457 1223 2516 St.
1262 2455 1494 2532 Gallen,
1543 2457 1684 2519 vad.
1731 2458 1870 2517 bibl.
1923 2475 2050 2518 nro,
2091 2461 2235 2533 569,
2281 2475 2560 2534 unpagg.,
2601 2461 2628 2516 1
2665 2453 2794 2514 scite.

1613 2679 1690 2745 10.

633 2765 809 2817 Bassi.
2555 2766 2744 2829 (1477.)

808 2871 910 2946 Μ.
953 2869 1004 2946 J
1010 2897 1075 2946 ο.
1118 2871 1485 2948 Reuchliu
1522 2873 1794 2974 Egidio
1828 2873 2436 2974 Lucenbu1·gensi
2460 2873 2507 2947 ².

667 3052 854 3131 Quod
909 3074 1010 3119 me
1066 3053 1213 3138 plus
1275 3075 1459 3140 aequo
1520 3054 1782 3136 laudas,
1845 3057 2050 3123 feram
2108 3055 2560 3134 tollerantiuS,
2619 3049 2803 3124 modo,

492 3178 723 3223 caveas
779 3160 1237 3226 assentationis
1290 3160 1314 3197 ³
1360 3162 1524 3228 vicio
1580 3161 1855 3229 labores.
1947 3164 2045 3228 De
2093 3162 2313 3245 inopia
2359 3161 2683 3245 quereris;
2748 3153 2803 3218 id

490 3261 685 3328 velim
743 3262 1099 3348 intelligas,
1158 3265 1241 3332 ab
1326 3267 1471 3333 aliis
1546 3271 1887 3352 pecuniam
1958 3266 2277 3352 postulari
2353 3267 2512 3350 quia
2568 3263 2802 3335 habent,

391 3379 397 3386 ·
486 3389 528 3432 a
582 3372 649 3432 te
706 3367 949 3434 nullam
1010 3371 1164 3454 quia
1223 3392 1347 3437 non
1410 3373 1674 3440 habeas.
1768 3373 2096 3439 Praeterea
2145 3372 2272 3437 duo
2321 3377 2476 3437 sunt
2523 3390 2664 3456 quse
2716 3386 2803 3430 me

488 3473 574 3538 ad
619 3471 741 3539 hoc
786 3473 1185 3555 allexerunt,
1245 3482 1321 3542 ut
1366 3477 1464 3542 vel
1515 3478 1840 3544 tantulum
1887 3479 2092 3562 precii
2137 3476 2358 3544 velim:
2420 3477 2696 3560 primum
2733 3490 2801 3534 ne

485 3577 588 3644 vel
633 3577 744 3646 ille
791 3600 983 3665 quem
1018 3581 1131 3646 vioe
1175 3580 1496 3648 modernae
1549 3589 1806 3650 constat
1852 3606 1992 3650 esse
2040 3605 2343 3668 perosum
2383 3577 2802 3646 adversarium

490 3684 647 3766 (scis
694 3687 863 3752 enim
910 3707 1105 3771 quem
1151 3687 1535 3772 intelligam)
1581 3711 1684 3757 me
1732 3691 2166 3757 calumnietur
2211 3689 2256 3767 4,
2305 3689 2362 3754 si
2407 3686 2689 3772 gratuito
2731 3682 2805 3745 le-

484 3811 735 3876 gerem3
780 3792 1061 3858 alterum
1110 3800 1183 3859 ut
1228 3796 1654 3861 sanctissimae
1698 3797 1972 3881 poetices
2015 3794 2041 3834 ⁵
2088 3795 2314 3878 dignos
2359 3793 2446 3858 ab
2492 3788 2754 3874 indignis
2781 3783 2802 3821 ⁶

488 3918 893 3964 secernerem
939 3897 1291 3983 discipulis.
1380 3901 1550 3966 Nam
1597 3903 1706 3987 qui
1753 3908 2026 3988 propter
2070 3900 2293 3984 aliqua
2338 3899 2612 3965 fortuita
2656 3895 2800 3959 bona

1647 4067 1678 4104 *

636 4157 659 4201 1
702 4150 859 4204 Dicae
892 4159 1059 4204 worts
1103 4155 1201 4204 wie
1248 4155 1469 4206 manche
1529 4155 1722 4208 andero
1765 4157 1886 4207 roth
1937 4153 2339 4207 antei-strichen.
2489 4157 2518 4202 2
2558 4152 2634 4202 Im
2668 4161 2797 4200 mser·

486 4236 809 4292 fiber-schrift
854 4239 973 4292 roth
1026 4243 1435 4294 anter-strichen.
1509 4229 1652 4296 iiber
1705 4245 1769 4295 Ε.
1818 4245 1880 4294 L.
1929 4245 2002 4295 ist
2045 4243 2222 4294 nichts
2271 4242 2524 4292 bekannt.
2667 4241 2694 4288 3
2741 4235 2797 4283 So

482 4328 759 4379 vermuths
804 4328 889 4380 ich
938 4334 1071 4380 statt
1114 4330 1206 4381 der
1248 4339 1414 4383 ποι-το
1448 4331 1544 4383 des
1581 4348 1760 4384 msera
1811 4349 1939 4384 cave
1973 4331 2364 4382 mutationis.
2511 4333 2542 4378 4
2577 4323 2797 4379 Gemeint

494 4411 565 4463 ist
600 4416 863 4467 natur-licta
902 4418 956 4468 J.
996 4417 1347 4485 Gengenbaeh
1388 4437 1429 4480 a,
1464 4438 1517 4480 ο,
1552 4437 1596 4475 s.
1639 4423 1744 4477 345
1779 4437 1922 4476 anm.
1951 4424 1999 4474 6.
2109 4422 2142 4470 5
2181 4421 2250 4472 So
2287 4435 2442 4475 mser.
2555 4421 2584 4470 6
2621 4412 2797 4466 Vorher

492 4499 613 4574 &big
651 4500 1113 4578 durchgestricheu
1152 4522 1321 4564 mser.-
