2950 5042
1245 378 1376 447 253

191 557 453 633 ritatem:
496 567 760 635 Coletus
805 568 1002 635 etiam
1049 568 1242 653 regiae
1289 565 1625 652 Majestati
1670 566 1934 635 intimus
1980 572 2083 635 est
2126 573 2193 635 et
2222 566 2309 635 ad
2352 568 2483 655 pri·

192 673 548 739 vatissimum
599 672 984 760 colloquium
1039 675 1294 759 quoties
1338 673 1479 739 vult
1522 671 1893 738 admittitur
1928 673 1969 736 ¹.

191 766 198 771 ⁹
337 779 460 844 Leo
493 780 792 845 Summus
819 778 1118 844 Pontifex
1149 779 1232 845 ad
1267 799 1476 844 meam
1523 777 1904 864 epistolam²
1952 800 2148 864 quam
2180 800 2485 847 excusam

187 882 386 967 legisti,
435 884 773 968 diligenter
818 885 1152 970 respondit
1196 906 1316 951 nec
1345 885 1559 949 minus
1590 890 1886 950 amanter
1916 905 2109 969 quam
2140 884 2485 970 diligenter

186 989 395 1073 adjecit
450 990 725 1055 alterum
786 989 978 1055 breve
1013 989 1072 1069 ³,
1120 1011 1248 1075 quo
1303 1012 1406 1057 me
1453 1010 1573 1055 sua
1648 995 1879 1073 sponte
1926 990 2083 1073 Regi
2132 990 2483 1074 Anglorum

185 1094 638 1175 commendavit,
689 1094 866 1160 haud
911 1114 1238 1181 quaquam
1285 1116 1463 1161 more
1511 1093 1785 1178 vulgari3
1840 1099 2041 1178 atque
2084 1093 2153 1160 id
2200 1096 2487 1161 nominas-

187 1200 281 1263 tim
323 1200 574 1285 adjecit,
621 1221 690 1267 se
737 1200 804 1265 id
851 1206 1083 1287 suapte
1130 1207 1359 1284 sponte
1405 1200 1644 1280 facere,
1689 1220 1809 1265 nec
1855 1219 1897 1263 a
1942 1219 2045 1264 me
2074 1220 2197 1265 uec
2240 1220 2283 1265 a
2328 1220 2485 1285 quo-

189 1326 376 1388 quam,
440 1311 514 1371 ut
563 1305 628 1370 id
686 1306 963 1385 faceret,
1019 1312 1333 1391 rogatum.
1431 1304 1883 1391 Responderat
1946 1308 2221 1389 uterque
2278 1304 2478 1371 cardi-

183 1409 319 1475 nalis
347 1410 399 1490 ⁴,
445 1432 670 1477 verum
735 1409 831 1477 hae
878 1410 1083 1477 literae
1128 1411 1194 1476 in
1262 1415 1444 1476 tuam
1488 1408 1899 1475 Germaniam
1944 1410 2157 1475 missae
2201 1416 2354 1476 sunt
2397 1408 2484 1477 ad

187 1515 495 1582 Ricardum
543 1518 883 1595 Pacorum,
931 1515 1260 1582 hominem
1307 1516 1563 1601 egregie
1610 1515 1892 1595 doct-um,
1938 1516 2050 1601 qui
2094 1536 2264 1581 nunc
2309 1512 2485 1600 apud

181 1619 429 1688 Elvetios
491 1627 818 1687 oratorem
878 1622 1060 1706 gerit.
1155 1620 1320 1699 Quin
1374 1628 1442 1687 et
1491 1619 1821 1687 Pontificis
1868 1620 2091 1687 brevia
2152 1620 2310 1689 mihi
2356 1640 2484 1687 nou

180 1732 305 1791 ante
349 1733 495 1793 sunt
525 1726 804 1805 reddita,
851 1748 1046 1811 quam
1091 1727 1155 1791 in
1191 1727 1487 1811 Angliam
1519 1725 1855 1793 rediissem
1886 1748 2028 1812 quae
2063 1728 2159 1793 sin
2192 1733 2484 1813 tempore

179 1829 420 1898 fuissent
477 1832 739 1898 reddita
795 1831 1096 1898 fortassis
1154 1840 1221 1897 et
1265 1833 1728 1917 Hieronymum
1787 1832 1989 1899 Leoni
2060 1816 2513 1899 dedicassem(

179 1934 312 2001 Mihi
365 1938 466 2003 vix
514 1938 666 2003 dum
732 1937 796 2001 in
845 1936 1264 2002 Brabantiam
1327 1959 1586 2005 reverso
1643 1937 2127 2004 Illustrissimus
2174 1938 2483 2023 Princeps

177 2060 329 2108 meus
389 2042 666 2109 Carolus
736 2042 1150 2126 praebendam
1213 2043 1506 2122 donavit,
1570 2043 1730 2109 satis
1796 2048 1863 2109 et
1940 2042 2357 2109 honorificam
2416 2047 2487 2109 et

177 2149 488 2230 copiosam.
585 2148 800 2214 Revisi
855 2148 1213 2215 Britaniam
1269 2148 1673 2215 salutaturus
1729 2148 2118 2241 Maecenates
2178 2169 2358 2215 meos
2414 2153 2487 2215 et

175 2252 384 2321 amicos
430 2260 717 2333 veteres,
779 2253 994 2336 reperi
1052 2253 1256 2319 multo
1317 2254 1525 2319 nostri
1586 2274 1781 2339 quam
1828 2254 2219 2340 reliqueram
2266 2274 2486 2319 aman-

172 2358 359 2425 tiores.
416 2360 963 2444 Archiepiscopus
996 2381 1142 2425 cum
1176 2350 1432 2443 semper
1476 2368 1732 2427 amaret
1759 2359 1966 2441 unice,
2011 2382 2181 2428 nunc
2227 2365 2485 2426 tantum

169 2464 432 2547 adjunxit
485 2465 698 2531 veteri
757 2466 821 2530 in
870 2486 974 2530 me
1029 2465 1243 2531 studio
1263 2515 1278 2545 ‚
1334 2472 1409 2531 ut
1464 2472 1616 2531 ante
1672 2487 1905 2550 parum
1965 2480 2217 2532 amasse
2277 2463 2483 2531 videri

167 2572 360 2651 possit.
453 2572 690 2638 Omnia
737 2593 857 2637 sua
901 2571 1058 2636 mihi
1105 2570 1359 2651 detulit,
1406 2572 1705 2637 recusavi
1746 2571 2105 2655 pecuniam.
2198 2569 2483 2636 Abeunti

168 2673 400 2743 donavit
445 2698 691 2763 equum
738 2682 806 2743 et
851 2676 1119 2742 calicem
1167 2697 1314 2743 cum
1361 2677 1669 2760 operculo
1703 2675 2255 2761 elegantissimum
2300 2676 2477 2742 inau-

168 2786 348 2845 ratum
369 2832 384 2863 ,
453 2783 783 2869 pollicitus
847 2781 1020 2866 apud
1081 2782 1438 2849 mensarios
1510 2782 1850 2867 pecuniam
1913 2787 2481 2867 quantumcunque

159 2882 384 2965 jussero
462 2909 538 2955 se
618 2888 1059 2972 depositurum
1096 2884 1138 2951 ⁵.
1270 2887 1523 2953 Novum
1605 2887 2090 2953 Testamentum
2165 2884 2480 2970 plurimos

165 2992 376 3059 amicos
423 2993 585 3060 mihi
633 2993 1004 3059 conciliavit
1049 2992 1306 3077 ubique,
1352 2993 1616 3059 tametsi
1661 2992 1949 3059 nonnulli
1980 2998 2245 3060 strenue
2274 2991 2479 3057 recla-

166 3099 392 3179 marint,
439 3099 808 3186 praesertim
866 3098 1074 3179 initio,
1107 3099 1221 3164 sed
1267 3092 1336 3163 hi
1381 3100 1446 3163 in
1496 3098 1833 3165 absentem
1862 3104 2115 3164 tantum
2164 3103 2229 3163 et
2274 3096 2480 3164 forme

166 3202 324 3284 tales,
365 3212 440 3272 ut
480 3227 605 3270 nec
648 3204 926 3288 legerint
961 3225 1123 3287 opus
1156 3225 1369 3269 meum
1403 3210 1468 3269 et
1500 3205 1557 3270 si
1586 3204 1877 3288 legerint,
1911 3224 2036 3269 non
2066 3202 2479 3270 intellecturi.

323 3310 549 3378 Scribe
583 3311 672 3377 ad
701 3331 818 3375 nos
863 3309 1260 3395 frequenter,
1291 3308 1655 3376 doctissime
1688 3309 2063 3376 Reuchline.
2157 3308 2482 3395 Quicquid
2561 3373 2564 3377 .

165 3412 560 3503 Antverpiam
622 3414 904 3495 miseris,
951 3414 1037 3481 ad
1069 3416 1334 3481 Petrum
1379 3414 1707 3501 AEgidium
1729 3417 1755 3455 ⁶
1800 3415 2082 3483 scribam
2128 3415 2478 3501 publicum,

1283 3584 1318 3625 ιιι

287 3696 308 3743 1
349 3678 496 3747 siber
534 3692 685 3745 Golet
731 3693 838 3760 νεὶ.
881 3691 1170 3745 besonders
1209 3690 1497 3757 Seebobm,
1546 3692 1634 3744 the
1672 3690 1873 3743 Oxford
1919 3692 2195 3742 reformet-s
2232 3688 2293 3741 of
2329 3688 2481 3754 1498,

163 3775 352 3833 London
413 3786 567 3834 1867.
715 3787 743 3833 2
785 3782 1092 3850 Epistolam]
1156 3782 1240 3833 die
1293 3782 1561 3848 widmung
1609 3796 1673 3831 zu
1729 3780 1821 3831 der
1880 3779 2117 3847 ausgabe
2167 3776 2260 3829 des
2308 3793 2481 3831 neuen

163 3873 458 3922 testaments.
611 3874 640 3920 3
681 3869 867 3937 Breve]
923 3873 983 3922 10
1020 3869 1136 3920 suli
1190 3871 1321 3921 1515
1359 3872 1414 3919 in
1454 3870 1546 3920 der
1583 3867 2020 3934 briefsatnmlung
2061 3867 2153 3918 des
2195 3868 2279 3918 Er.
2320 3865 2481 3933 (Opp-

163 3954 228 4007 ed.
257 3959 417 4027 Lugd.
444 3961 560 4009 Bat.
587 3959 703 4027 111),
741 3958 842 4009 col.
873 3961 970 4010 156
1000 3960 1071 4025 fg.
1101 3959 1250 4025 epist.
1277 3957 1609 4009 chxvm.
1757 3961 1789 4006 4
1828 3955 2061 4023 Rephael
2086 3955 2193 4007 und
2217 3954 2479 4019 (ii-immi,

163 4044 252 4108 vgl.
289 4046 420 4098 oben
458 4064 572 4099 nro.
599 4046 779 4110 CCIX,
817 4064 863 4098 a.
893 4051 941 4097 2.
1087 4049 1118 4097 5
1157 4031 1304 4097 i'Jber
1331 4046 1428 4097 den
1461 4047 1577 4097 hier
1602 4044 1982 4112 angedeuteten
2010 4042 2303 4095 ausenthalt
2330 4044 2483 4093 Eras-

164 4143 260 4182 mus
293 4135 344 4185 in
381 4136 625 4202 England
665 4135 771 4202 vgl.
817 4135 1141 4185 Drummond
1179 4136 1259 4198 11,
1298 4137 1398 4185 206
1437 4136 1492 4184 ff.
1569 4137 1607 4185 6·
1641 4135 1851 4185 Petrum
1884 4132 2199 4200 AEgidiumJ.
2271 4132 2335 4181 In
2362 4130 2478 4181 dem

163 4230 247 4271 von
281 4222 386 4274 ihm
425 4225 591 4275 selbst
621 4223 906 4273 ven-fassten
947 4222 1302 4273 verzeichniss
1340 4222 1511 4273 seiner
1547 4223 1800 4273 schriften
1828 4220 2124 4288 (catalogus
2160 4218 2482 4270 lucubratio-

164 4313 288 4375 num)
323 4318 443 4379 sagt
477 4314 752 4363 Erasmust
803 4318 882 4362 est
927 4318 1100 4362 autem
1156 4309 1290 4361 liber
1349 4326 1486 4361 unus
1542 4310 1606 4361 de
1645 4308 1914 4376 parabolis
1960 4310 2073 4359 sive
2110 4306 2375 4358 similibus
2412 4304 2482 4358 ad

165 4392 353 4449 Petrum
405 4402 676 4467 AEgidium
734 4400 1149 4451 iureconsultum
1201 4406 1254 4449 et
1306 4399 1479 4451 civem
1517 4398 1968 4464 Antwerpiensem
2024 4392 2286 4463 quondam
2346 4394 2481 4445 mihi

165 4487 431 4540 studiorum
471 4490 720 4542 sodalem.
799 4492 899 4541 Vor
938 4489 1029 4539 der
1065 4488 1296 4557 ausgabe
1344 4486 1435 4538 der
1477 4486 1651 4538 werke
1692 4484 1860 4556 Lugd.
1917 4486 2029 4536 Bat.
2077 4487 2227 4551 1703,
2265 4482 2354 4537 sol.
2398 4486 2483 4540 11.
