<?xml version="1.0" encoding="UTF-8"?>
<!DOCTYPE html PUBLIC "-//W3C//DTD XHTML 1.0 Transitional//EN"
    "http://www.w3.org/TR/xhtml1/DTD/xhtml1-transitional.dtd">
<html xmlns="http://www.w3.org/1999/xhtml" xml:lang="en" lang="en">
 <head>
  <title>
</title>
<meta http-equiv="Content-Type" content="text/html;charset=utf-8" />
  <meta name='ocr-system' content='tesseract 3.04.00' />
  <meta name='ocr-capabilities' content='ocr_page ocr_carea ocr_par ocr_line ocrx_word'/>
</head>
<body>
  <div class='ocr_page' id='page_1' title='image "./johannreuchlins00geiggoog/johannreuchlins00geiggoog_0165.png"; bbox 0 0 2950 5042; ppageno 0'>
   <div class='ocr_carea' id='block_1_1' title="bbox 1259 396 1387 467">
    <p class='ocr_par' dir='ltr' id='par_1_1' title="bbox 1259 396 1387 467">
     <span class='ocr_line' id='line_1_1' title="bbox 1259 396 1387 467; baseline 0.008 -2"><span class='ocrx_word' id='word_1_1' title='bbox 1259 396 1387 467; x_wconf 83' lang='lat'><strong>155</strong></span> 
     </span>
    </p>
   </div>
   <div class='ocr_carea' id='block_1_2' title="bbox 157 584 2494 4037">
    <p class='ocr_par' dir='ltr' id='par_1_2' title="bbox 162 584 2492 1495">
     <span class='ocr_line' id='line_1_2' title="bbox 169 584 2488 673; baseline -0.001 -18"><span class='ocrx_word' id='word_1_2' title='bbox 169 586 289 655; x_wconf 89' lang='lat' dir='ltr'><strong>sine</strong></span> <span class='ocrx_word' id='word_1_3' title='bbox 333 608 519 673; x_wconf 85' lang='lat' dir='ltr'><strong>pace,</strong></span> <span class='ocrx_word' id='word_1_4' title='bbox 564 593 643 655; x_wconf 85' lang='lat' dir='ltr'><strong>ut</strong></span> <span class='ocrx_word' id='word_1_5' title='bbox 684 586 1027 673; x_wconf 85' lang='lat' dir='ltr'><strong>sequentia</strong></span> <span class='ocrx_word' id='word_1_6' title='bbox 1068 584 1461 655; x_wconf 87' lang='lat' dir='ltr'><strong>indicabant.</strong></span> <span class='ocrx_word' id='word_1_7' title='bbox 1553 586 1684 654; x_wconf 87' lang='lat' dir='ltr'><strong>Oro</strong></span> <span class='ocrx_word' id='word_1_8' title='bbox 1727 590 1948 653; x_wconf 85' lang='lat' dir='ltr'><strong>autem</strong></span> <span class='ocrx_word' id='word_1_9' title='bbox 1978 606 2176 672; x_wconf 86' lang='lat' dir='ltr'><strong>quam</strong></span> <span class='ocrx_word' id='word_1_10' title='bbox 2207 584 2488 671; x_wconf 84' lang='lat' dir='ltr'><strong>primum</strong></span> 
     </span>
     <span class='ocr_line' id='line_1_3' title="bbox 167 690 2488 779; baseline 0 -23"><span class='ocrx_word' id='word_1_11' title='bbox 167 713 232 759; x_wconf 89' lang='lat' dir='ltr'><strong>ne</strong></span> <span class='ocrx_word' id='word_1_12' title='bbox 278 692 554 759; x_wconf 87' lang='lat' dir='ltr'><strong>moleste</strong></span> <span class='ocrx_word' id='word_1_13' title='bbox 600 692 794 774; x_wconf 87' lang='lat' dir='ltr'><strong>feras,</strong></span> <span class='ocrx_word' id='word_1_14' title='bbox 838 692 1011 779; x_wconf 90' lang='lat' dir='ltr'><strong>quod</strong></span> <span class='ocrx_word' id='word_1_15' title='bbox 1055 692 1144 759; x_wconf 88' lang='lat' dir='ltr'><strong>ad</strong></span> <span class='ocrx_word' id='word_1_16' title='bbox 1190 699 1273 773; x_wconf 87' lang='lat' dir='ltr'><strong>te,</strong></span> <span class='ocrx_word' id='word_1_17' title='bbox 1319 691 1594 759; x_wconf 88' lang='lat' dir='ltr'><strong>latinum</strong></span> <span class='ocrx_word' id='word_1_18' title='bbox 1623 691 1950 759; x_wconf 85' lang='lat' dir='ltr'><strong>hominum</strong></span> <span class='ocrx_word' id='word_1_19' title='bbox 1986 694 2028 773; x_wconf 88' lang='lat'><strong>¹,</strong></span> <span class='ocrx_word' id='word_1_20' title='bbox 2073 690 2276 759; x_wconf 91' lang='lat' dir='ltr'><strong>latino</strong></span> <span class='ocrx_word' id='word_1_21' title='bbox 2306 712 2488 757; x_wconf 89' lang='lat' dir='ltr'><strong>more</strong></span> 
     </span>
     <span class='ocr_line' id='line_1_4' title="bbox 165 795 2488 883; baseline -0.001 -20"><span class='ocrx_word' id='word_1_22' title='bbox 165 819 269 882; x_wconf 88' lang='lat' dir='ltr'><strong>per</strong></span> <span class='ocrx_word' id='word_1_23' title='bbox 314 818 659 863; x_wconf 90' lang='lat' dir='ltr'><strong>numerum</strong></span> <span class='ocrx_word' id='word_1_24' title='bbox 690 798 1081 883; x_wconf 79' lang='lat' dir='ltr'>singularem</span> <span class='ocrx_word' id='word_1_25' title='bbox 1126 797 1359 879; x_wconf 82' lang='lat' dir='ltr'>scribe,</span> <span class='ocrx_word' id='word_1_26' title='bbox 1406 804 1473 863; x_wconf 90' lang='lat' dir='ltr'><strong>et</strong></span> <span class='ocrx_word' id='word_1_27' title='bbox 1518 817 1646 863; x_wconf 91' lang='lat' dir='ltr'><strong>non</strong></span> <span class='ocrx_word' id='word_1_28' title='bbox 1690 801 1767 862; x_wconf 89' lang='lat' dir='ltr'><strong>ut</strong></span> <span class='ocrx_word' id='word_1_29' title='bbox 1811 802 1884 863; x_wconf 91' lang='lat' dir='ltr'><strong>tu</strong></span> <span class='ocrx_word' id='word_1_30' title='bbox 1929 796 2208 863; x_wconf 86' lang='lat' dir='ltr'><strong>vicissim</strong></span> <span class='ocrx_word' id='word_1_31' title='bbox 2253 795 2339 861; x_wconf 87' lang='lat' dir='ltr'><strong>ad</strong></span> <span class='ocrx_word' id='word_1_32' title='bbox 2383 816 2488 861; x_wconf 90' lang='lat' dir='ltr'><strong>me</strong></span> 
     </span>
     <span class='ocr_line' id='line_1_5' title="bbox 164 899 2492 987; baseline 0 -22"><span class='ocrx_word' id='word_1_33' title='bbox 164 902 493 987; x_wconf 81' lang='lat' dir='ltr'><strong>plurative.</strong></span> <span class='ocrx_word' id='word_1_34' title='bbox 586 903 737 969; x_wconf 86' lang='lat' dir='ltr'><strong>Jam</strong></span> <span class='ocrx_word' id='word_1_35' title='bbox 784 904 953 969; x_wconf 90' lang='lat' dir='ltr'><strong>enim</strong></span> <span class='ocrx_word' id='word_1_36' title='bbox 996 903 1159 970; x_wconf 85' lang='lat' dir='ltr'><strong>illud</strong></span> <span class='ocrx_word' id='word_1_37' title='bbox 1202 908 1385 969; x_wconf 89' lang='lat' dir='ltr'><strong>tuum</strong></span> <span class='ocrx_word' id='word_1_38' title='bbox 1417 901 1622 967; x_wconf 89' lang='lat' dir='ltr'><strong>ferme</strong></span> <span class='ocrx_word' id='word_1_39' title='bbox 1668 906 1880 967; x_wconf 87' lang='lat' dir='ltr'><strong>totum</strong></span> <span class='ocrx_word' id='word_1_40' title='bbox 1912 900 1937 941; x_wconf 79' lang='lat'>²</span> <span class='ocrx_word' id='word_1_41' title='bbox 1984 900 2180 969; x_wconf 88' lang='lat' dir='ltr'><strong>desiit</strong></span> <span class='ocrx_word' id='word_1_42' title='bbox 2223 906 2292 967; x_wconf 88' lang='lat' dir='ltr'><strong>et</strong></span> <span class='ocrx_word' id='word_1_43' title='bbox 2334 899 2492 967; x_wconf 89' lang='lat' dir='ltr'><strong>abo-</strong></span> 
     </span>
     <span class='ocr_line' id='line_1_6' title="bbox 164 1006 2490 1101; baseline 0.001 -30"><span class='ocrx_word' id='word_1_44' title='bbox 164 1008 313 1073; x_wconf 85' lang='lat' dir='ltr'><strong>levit</strong></span> <span class='ocrx_word' id='word_1_45' title='bbox 354 1008 427 1073; x_wconf 89' lang='lat' dir='ltr'><strong>in</strong></span> <span class='ocrx_word' id='word_1_46' title='bbox 475 1008 767 1073; x_wconf 83' lang='lat' dir='ltr'><strong>Romana</strong></span> <span class='ocrx_word' id='word_1_47' title='bbox 794 1008 1015 1101; x_wconf 81' lang='lat' dir='ltr'><strong>lingua</strong></span> <span class='ocrx_word' id='word_1_48' title='bbox 1058 1015 1127 1076; x_wconf 89' lang='lat' dir='ltr'><strong>et</strong></span> <span class='ocrx_word' id='word_1_49' title='bbox 1156 1028 1325 1073; x_wconf 90' lang='lat' dir='ltr'><strong>nnnc</strong></span> <span class='ocrx_word' id='word_1_50' title='bbox 1358 1006 1876 1093; x_wconf 76' lang='lat' dir='ltr'><strong>quotusquisque</strong></span> <span class='ocrx_word' id='word_1_51' title='bbox 1907 1006 2187 1092; x_wconf 88' lang='lat' dir='ltr'><strong>majores</strong></span> <span class='ocrx_word' id='word_1_52' title='bbox 2229 1012 2490 1074; x_wconf 87' lang='lat' dir='ltr'><strong>nostros</strong></span> 
     </span>
     <span class='ocr_line' id='line_1_7' title="bbox 162 1111 2490 1197; baseline 0 -20"><span class='ocrx_word' id='word_1_53' title='bbox 162 1113 506 1179; x_wconf 77' lang='lat' dir='ltr'><strong>imitamur.</strong></span> <span class='ocrx_word' id='word_1_54' title='bbox 600 1112 797 1179; x_wconf 89' lang='lat' dir='ltr'><strong>Secns</strong></span> <span class='ocrx_word' id='word_1_55' title='bbox 830 1118 930 1179; x_wconf 90' lang='lat' dir='ltr'><strong>est</strong></span> <span class='ocrx_word' id='word_1_56' title='bbox 976 1114 1031 1179; x_wconf 92' lang='lat' dir='ltr'><strong>si</strong></span> <span class='ocrx_word' id='word_1_57' title='bbox 1077 1112 1415 1181; x_wconf 84' lang='lat' dir='ltr'><strong>vernacule</strong></span> <span class='ocrx_word' id='word_1_58' title='bbox 1458 1111 1838 1179; x_wconf 74' lang='lat' dir='ltr'><strong>scribamus.</strong></span> <span class='ocrx_word' id='word_1_59' title='bbox 1930 1111 2144 1192; x_wconf 81' lang='lat' dir='ltr'><strong>Quare</strong></span> <span class='ocrx_word' id='word_1_60' title='bbox 2174 1112 2490 1197; x_wconf 87' lang='lat' dir='ltr'><strong>deprecor</strong></span> 
     </span>
     <span class='ocr_line' id='line_1_8' title="bbox 162 1216 2489 1303; baseline -0 -20"><span class='ocrx_word' id='word_1_61' title='bbox 162 1224 333 1284; x_wconf 88' lang='lat' dir='ltr'><strong>tuam</strong></span> <span class='ocrx_word' id='word_1_62' title='bbox 379 1216 709 1285; x_wconf 89' lang='lat' dir='ltr'><strong>scribendi</strong></span> <span class='ocrx_word' id='word_1_63' title='bbox 752 1219 1305 1299; x_wconf 87' lang='lat' dir='ltr'><strong>consuetudinem,</strong></span> <span class='ocrx_word' id='word_1_64' title='bbox 1350 1225 1429 1285; x_wconf 90' lang='lat' dir='ltr'><strong>ut</strong></span> <span class='ocrx_word' id='word_1_65' title='bbox 1471 1216 1742 1302; x_wconf 88' lang='lat' dir='ltr'><strong>posthac</strong></span> <span class='ocrx_word' id='word_1_66' title='bbox 1787 1237 1982 1303; x_wconf 89' lang='lat' dir='ltr'><strong>quam</strong></span> <span class='ocrx_word' id='word_1_67' title='bbox 2028 1216 2489 1284; x_wconf 87' lang='lat' dir='ltr'><strong>humanissime</strong></span> 
     </span>
     <span class='ocr_line' id='line_1_9' title="bbox 163 1321 2489 1409; baseline 0 -20"><span class='ocrx_word' id='word_1_68' title='bbox 163 1322 468 1407; x_wconf 82' lang='lat' dir='ltr'><strong>singulari</strong></span> <span class='ocrx_word' id='word_1_69' title='bbox 528 1344 633 1389; x_wconf 89' lang='lat' dir='ltr'><strong>me</strong></span> <span class='ocrx_word' id='word_1_70' title='bbox 686 1344 955 1391; x_wconf 88' lang='lat' dir='ltr'><strong>numero</strong></span> <span class='ocrx_word' id='word_1_71' title='bbox 1008 1322 1329 1409; x_wconf 87' lang='lat' dir='ltr'><strong>appelles,</strong></span> <span class='ocrx_word' id='word_1_72' title='bbox 1382 1344 1531 1391; x_wconf 86' lang='lat' dir='ltr'><strong>cum</strong></span> <span class='ocrx_word' id='word_1_73' title='bbox 1577 1322 1824 1409; x_wconf 87' lang='lat' dir='ltr'><strong>aliquid</strong></span> <span class='ocrx_word' id='word_1_74' title='bbox 1869 1322 1956 1389; x_wconf 81' lang='lat' dir='ltr'><strong>ad</strong></span> <span class='ocrx_word' id='word_1_75' title='bbox 1999 1343 2103 1391; x_wconf 88' lang='lat' dir='ltr'><strong>me</strong></span> <span class='ocrx_word' id='word_1_76' title='bbox 2149 1321 2489 1390; x_wconf 84' lang='lat' dir='ltr'><strong>literarum</strong></span> 
     </span>
     <span class='ocr_line' id='line_1_10' title="bbox 165 1427 361 1495; baseline 0.01 -2"><span class='ocrx_word' id='word_1_77' title='bbox 165 1427 361 1495; x_wconf 87' lang='lat' dir='ltr'><strong>dabis.</strong></span> 
     </span>
    </p>

    <p class='ocr_par' dir='ltr' id='par_1_3' title="bbox 157 1532 2493 2985">
     <span class='ocr_line' id='line_1_11' title="bbox 328 1532 2488 1618; baseline -0.001 -18"><span class='ocrx_word' id='word_1_78' title='bbox 328 1533 642 1601; x_wconf 87' lang='lat' dir='ltr'><strong>Ceterum</strong></span> <span class='ocrx_word' id='word_1_79' title='bbox 684 1535 765 1602; x_wconf 90' lang='lat' dir='ltr'><strong>de</strong></span> <span class='ocrx_word' id='word_1_80' title='bbox 809 1533 1179 1601; x_wconf 88' lang='lat' dir='ltr'><strong>firmissima</strong></span> <span class='ocrx_word' id='word_1_81' title='bbox 1210 1554 1366 1618; x_wconf 81' lang='lat' dir='ltr'><strong>erga</strong></span> <span class='ocrx_word' id='word_1_82' title='bbox 1404 1554 1509 1599; x_wconf 89' lang='lat' dir='ltr'><strong>me</strong></span> <span class='ocrx_word' id='word_1_83' title='bbox 1539 1532 1828 1601; x_wconf 85' lang='lat' dir='ltr'><strong>amicitia</strong></span> <span class='ocrx_word' id='word_1_84' title='bbox 1855 1539 1990 1613; x_wconf 92' lang='lat' dir='ltr'><strong>tua,</strong></span> <span class='ocrx_word' id='word_1_85' title='bbox 2038 1537 2108 1599; x_wconf 90' lang='lat' dir='ltr'><strong>et</strong></span> <span class='ocrx_word' id='word_1_86' title='bbox 2141 1537 2488 1617; x_wconf 88' lang='lat' dir='ltr'><strong>perspecta</strong></span> 
     </span>
     <span class='ocr_line' id='line_1_12' title="bbox 160 1637 2491 1725; baseline -0.001 -21"><span class='ocrx_word' id='word_1_87' title='bbox 160 1638 307 1720; x_wconf 90' lang='lat' dir='ltr'><strong>fide,</strong></span> <span class='ocrx_word' id='word_1_88' title='bbox 378 1660 577 1725; x_wconf 88' lang='lat' dir='ltr'><strong>quam</strong></span> <span class='ocrx_word' id='word_1_89' title='bbox 632 1640 700 1705; x_wconf 91' lang='lat' dir='ltr'><strong>in</strong></span> <span class='ocrx_word' id='word_1_90' title='bbox 769 1637 1189 1705; x_wconf 79' lang='lat' dir='ltr'><strong>tribulatione</strong></span> <span class='ocrx_word' id='word_1_91' title='bbox 1236 1658 1383 1705; x_wconf 88' lang='lat' dir='ltr'><strong>mea</strong></span> <span class='ocrx_word' id='word_1_92' title='bbox 1441 1658 1674 1705; x_wconf 81' lang='lat' dir='ltr'><strong>revera</strong></span> <span class='ocrx_word' id='word_1_93' title='bbox 1738 1660 2054 1725; x_wconf 84' lang='lat' dir='ltr'><strong>perquam</strong></span> <span class='ocrx_word' id='word_1_94' title='bbox 2121 1637 2491 1703; x_wconf 83' lang='lat' dir='ltr'><strong>humaniter</strong></span> 
     </span>
     <span class='ocr_line' id='line_1_13' title="bbox 161 1740 2489 1829; baseline -0.001 -20"><span class='ocrx_word' id='word_1_95' title='bbox 161 1742 461 1825; x_wconf 90' lang='lat' dir='ltr'><strong>ostendis,</strong></span> <span class='ocrx_word' id='word_1_96' title='bbox 530 1766 703 1810; x_wconf 91' lang='lat' dir='ltr'><strong>nunc</strong></span> <span class='ocrx_word' id='word_1_97' title='bbox 769 1764 891 1829; x_wconf 85' lang='lat' dir='ltr'><strong>ago</strong></span> <span class='ocrx_word' id='word_1_98' title='bbox 958 1742 1080 1811; x_wconf 89' lang='lat' dir='ltr'><strong>tibi</strong></span> <span class='ocrx_word' id='word_1_99' title='bbox 1143 1750 1459 1829; x_wconf 88' lang='lat' dir='ltr'><strong>quantum</strong></span> <span class='ocrx_word' id='word_1_100' title='bbox 1529 1744 1716 1812; x_wconf 85' lang='lat' dir='ltr'><strong>valeo</strong></span> <span class='ocrx_word' id='word_1_101' title='bbox 1775 1765 1852 1811; x_wconf 90' lang='lat' dir='ltr'><strong>ac</strong></span> <span class='ocrx_word' id='word_1_102' title='bbox 1913 1748 2144 1829; x_wconf 86' lang='lat' dir='ltr'><strong>postea</strong></span> <span class='ocrx_word' id='word_1_103' title='bbox 2197 1742 2266 1809; x_wconf 89' lang='lat' dir='ltr'><strong>in</strong></span> <span class='ocrx_word' id='word_1_104' title='bbox 2312 1740 2489 1807; x_wconf 88' lang='lat' dir='ltr'><strong>calce</strong></span> 
     </span>
     <span class='ocr_line' id='line_1_14' title="bbox 159 1846 2492 1934; baseline 0 -21"><span class='ocrx_word' id='word_1_105' title='bbox 159 1849 401 1933; x_wconf 84' lang='lat' dir='ltr'><strong>negocii</strong></span> <span class='ocrx_word' id='word_1_106' title='bbox 459 1849 736 1915; x_wconf 85' lang='lat' dir='ltr'><strong>referam</strong></span> <span class='ocrx_word' id='word_1_107' title='bbox 796 1854 1017 1932; x_wconf 82' lang='lat' dir='ltr'><strong>gratas</strong></span> <span class='ocrx_word' id='word_1_108' title='bbox 1072 1848 1343 1933; x_wconf 85' lang='lat' dir='ltr'><strong>gratias,</strong></span> <span class='ocrx_word' id='word_1_109' title='bbox 1404 1853 1473 1915; x_wconf 88' lang='lat' dir='ltr'><strong>et</strong></span> <span class='ocrx_word' id='word_1_110' title='bbox 1529 1854 1606 1915; x_wconf 90' lang='lat' dir='ltr'><strong>ut</strong></span> <span class='ocrx_word' id='word_1_111' title='bbox 1667 1869 1858 1934; x_wconf 87' lang='lat' dir='ltr'><strong>spero</strong></span> <span class='ocrx_word' id='word_1_112' title='bbox 1918 1847 2100 1916; x_wconf 81' lang='lat' dir='ltr'><strong>vobis</strong></span> <span class='ocrx_word' id='word_1_113' title='bbox 2155 1868 2286 1914; x_wconf 88' lang='lat' dir='ltr'><strong>non</strong></span> <span class='ocrx_word' id='word_1_114' title='bbox 2329 1846 2492 1932; x_wconf 85' lang='lat' dir='ltr'><strong>injo-</strong></span> 
     </span>
     <span class='ocr_line' id='line_1_15' title="bbox 158 1950 2490 2039; baseline -0.001 -20"><span class='ocrx_word' id='word_1_115' title='bbox 158 1952 397 2019; x_wconf 88' lang='lat' dir='ltr'><strong>cundas</strong></span> <span class='ocrx_word' id='word_1_116' title='bbox 424 1953 467 2018; x_wconf 78' lang='lat'><strong>⁸.</strong></span> <span class='ocrx_word' id='word_1_117' title='bbox 577 1953 928 2021; x_wconf 86' lang='lat' dir='ltr'><strong>Consilium</strong></span> <span class='ocrx_word' id='word_1_118' title='bbox 991 1974 1251 2038; x_wconf 91' lang='lat' dir='ltr'><strong>quoque</strong></span> <span class='ocrx_word' id='word_1_119' title='bbox 1306 1960 1520 2034; x_wconf 87' lang='lat' dir='ltr'><strong>tuum,</strong></span> <span class='ocrx_word' id='word_1_120' title='bbox 1591 1953 1952 2039; x_wconf 66' lang='lat' dir='ltr'><strong>prudentias</strong></span> <span class='ocrx_word' id='word_1_121' title='bbox 2021 1959 2090 2020; x_wconf 90' lang='lat' dir='ltr'><strong>et</strong></span> <span class='ocrx_word' id='word_1_122' title='bbox 2149 1950 2490 2021; x_wconf 85' lang='lat' dir='ltr'><strong>charitatis</strong></span> 
     </span>
     <span class='ocr_line' id='line_1_16' title="bbox 159 2055 2488 2143; baseline -0.001 -20"><span class='ocrx_word' id='word_1_123' title='bbox 159 2058 443 2142; x_wconf 89' lang='lat' dir='ltr'><strong>plenum,</strong></span> <span class='ocrx_word' id='word_1_124' title='bbox 502 2058 675 2143; x_wconf 91' lang='lat' dir='ltr'><strong>quod</strong></span> <span class='ocrx_word' id='word_1_125' title='bbox 730 2058 888 2125; x_wconf 91' lang='lat' dir='ltr'><strong>mihi</strong></span> <span class='ocrx_word' id='word_1_126' title='bbox 938 2064 1229 2143; x_wconf 84' lang='lat' dir='ltr'><strong>praestas,</strong></span> <span class='ocrx_word' id='word_1_127' title='bbox 1291 2064 1359 2125; x_wconf 89' lang='lat' dir='ltr'><strong>et</strong></span> <span class='ocrx_word' id='word_1_128' title='bbox 1414 2058 1612 2125; x_wconf 86' lang='lat' dir='ltr'><strong>laudo</strong></span> <span class='ocrx_word' id='word_1_129' title='bbox 1675 2065 1742 2126; x_wconf 92' lang='lat' dir='ltr'><strong>et</strong></span> <span class='ocrx_word' id='word_1_130' title='bbox 1802 2058 2217 2127; x_wconf 81' lang='lat' dir='ltr'><strong>vehementer</strong></span> <span class='ocrx_word' id='word_1_131' title='bbox 2263 2055 2488 2142; x_wconf 89' lang='lat' dir='ltr'><strong>probo.</strong></span> 
     </span>
     <span class='ocr_line' id='line_1_17' title="bbox 158 2160 2492 2251; baseline 0 -24"><span class='ocrx_word' id='word_1_132' title='bbox 158 2162 210 2227; x_wconf 90' lang='lat' dir='ltr'>N</span> <span class='ocrx_word' id='word_1_133' title='bbox 213 2184 296 2229; x_wconf 90' lang='lat' dir='ltr'><strong>on</strong></span> <span class='ocrx_word' id='word_1_134' title='bbox 343 2163 515 2229; x_wconf 88' lang='lat' dir='ltr'><strong>enim</strong></span> <span class='ocrx_word' id='word_1_135' title='bbox 544 2165 601 2229; x_wconf 89' lang='lat' dir='ltr'><strong>is</strong></span> <span class='ocrx_word' id='word_1_136' title='bbox 631 2186 773 2231; x_wconf 90' lang='lat' dir='ltr'><strong>sum</strong></span> <span class='ocrx_word' id='word_1_137' title='bbox 804 2165 919 2251; x_wconf 90' lang='lat' dir='ltr'><strong>qui</strong></span> <span class='ocrx_word' id='word_1_138' title='bbox 948 2163 1178 2230; x_wconf 81' lang='lat' dir='ltr'><strong>vellem</strong></span> <span class='ocrx_word' id='word_1_139' title='bbox 1206 2164 1678 2231; x_wconf 78' lang='lat' dir='ltr'><strong>contumaciter</strong></span> <span class='ocrx_word' id='word_1_140' title='bbox 1707 2165 2090 2249; x_wconf 85' lang='lat' dir='ltr'><strong>protervire,</strong></span> <span class='ocrx_word' id='word_1_141' title='bbox 2139 2170 2214 2230; x_wconf 88' lang='lat' dir='ltr'><strong>ut</strong></span> <span class='ocrx_word' id='word_1_142' title='bbox 2260 2160 2492 2229; x_wconf 88' lang='lat' dir='ltr'><strong>scribis</strong></span> 
     </span>
     <span class='ocr_line' id='line_1_18' title="bbox 161 2265 2491 2354; baseline -0.001 -21"><span class='ocrx_word' id='word_1_143' title='bbox 161 2274 227 2333; x_wconf 85' lang='lat' dir='ltr'><strong>et</strong></span> <span class='ocrx_word' id='word_1_144' title='bbox 268 2268 579 2335; x_wconf 87' lang='lat' dir='ltr'><strong>resistere</strong></span> <span class='ocrx_word' id='word_1_145' title='bbox 610 2270 640 2308; x_wconf 75' lang='lat'><strong>⁴</strong></span> <span class='ocrx_word' id='word_1_146' title='bbox 696 2269 985 2349; x_wconf 85' lang='lat' dir='ltr'><strong>veritati,</strong></span> <span class='ocrx_word' id='word_1_147' title='bbox 1043 2268 1407 2354; x_wconf 67' lang='lat' dir='ltr'><strong>praesertim</strong></span> <span class='ocrx_word' id='word_1_148' title='bbox 1459 2270 1527 2334; x_wconf 90' lang='lat' dir='ltr'><strong>in</strong></span> <span class='ocrx_word' id='word_1_149' title='bbox 1573 2268 1772 2335; x_wconf 88' lang='lat' dir='ltr'><strong>rebus</strong></span> <span class='ocrx_word' id='word_1_150' title='bbox 1817 2267 2274 2335; x_wconf 83' lang='lat' dir='ltr'><strong>ecclesiasticis</strong></span> <span class='ocrx_word' id='word_1_151' title='bbox 2291 2316 2308 2347; x_wconf 92' lang='lat'><strong>,</strong></span> <span class='ocrx_word' id='word_1_152' title='bbox 2377 2265 2491 2333; x_wconf 89' lang='lat' dir='ltr'><strong>ubi</strong></span> 
     </span>
     <span class='ocr_line' id='line_1_19' title="bbox 158 2371 2486 2458; baseline -0.001 -20"><span class='ocrx_word' id='word_1_153' title='bbox 158 2373 382 2439; x_wconf 83' lang='lat' dir='ltr'><strong>animae</strong></span> <span class='ocrx_word' id='word_1_154' title='bbox 451 2374 729 2440; x_wconf 83' lang='lat' dir='ltr'><strong>vertitur</strong></span> <span class='ocrx_word' id='word_1_155' title='bbox 790 2374 1149 2458; x_wconf 89' lang='lat' dir='ltr'><strong>periculum</strong></span> <span class='ocrx_word' id='word_1_156' title='bbox 1166 2422 1183 2455; x_wconf 92' lang='lat'><strong>,</strong></span> <span class='ocrx_word' id='word_1_157' title='bbox 1244 2394 1394 2439; x_wconf 89' lang='lat' dir='ltr'><strong>nam</strong></span> <span class='ocrx_word' id='word_1_158' title='bbox 1460 2378 1650 2439; x_wconf 85' lang='lat' dir='ltr'><strong>extra</strong></span> <span class='ocrx_word' id='word_1_159' title='bbox 1719 2374 2058 2442; x_wconf 88' lang='lat' dir='ltr'><strong>ecclesiam</strong></span> <span class='ocrx_word' id='word_1_160' title='bbox 2127 2371 2308 2439; x_wconf 88' lang='lat' dir='ltr'><strong>nulla</strong></span> <span class='ocrx_word' id='word_1_161' title='bbox 2383 2375 2486 2439; x_wconf 86' lang='lat' dir='ltr'><strong>est</strong></span> 
     </span>
     <span class='ocr_line' id='line_1_20' title="bbox 162 2476 2492 2563; baseline 0 -20"><span class='ocrx_word' id='word_1_162' title='bbox 162 2478 484 2563; x_wconf 86' lang='lat' dir='ltr'><strong>speranda</strong></span> <span class='ocrx_word' id='word_1_163' title='bbox 517 2477 543 2518; x_wconf 87' lang='lat'>⁵</span> <span class='ocrx_word' id='word_1_164' title='bbox 618 2479 813 2546; x_wconf 88' lang='lat' dir='ltr'><strong>salus.</strong></span> <span class='ocrx_word' id='word_1_165' title='bbox 907 2480 1319 2563; x_wconf 86' lang='lat' dir='ltr'><strong>Quapropter</strong></span> <span class='ocrx_word' id='word_1_166' title='bbox 1362 2479 1536 2545; x_wconf 91' lang='lat' dir='ltr'><strong>absit</strong></span> <span class='ocrx_word' id='word_1_167' title='bbox 1588 2500 1629 2545; x_wconf 89' lang='lat' dir='ltr'><strong>a</strong></span> <span class='ocrx_word' id='word_1_168' title='bbox 1682 2500 1786 2545; x_wconf 90' lang='lat' dir='ltr'><strong>me</strong></span> <span class='ocrx_word' id='word_1_169' title='bbox 1833 2484 1908 2545; x_wconf 93' lang='lat' dir='ltr'><strong>ut</strong></span> <span class='ocrx_word' id='word_1_170' title='bbox 1967 2480 2052 2546; x_wconf 85' lang='lat' dir='ltr'><strong>ab</strong></span> <span class='ocrx_word' id='word_1_171' title='bbox 2099 2476 2374 2545; x_wconf 89' lang='lat' dir='ltr'><strong>ecclesia</strong></span> <span class='ocrx_word' id='word_1_172' title='bbox 2425 2476 2492 2543; x_wconf 90' lang='lat' dir='ltr'><strong>in</strong></span> 
     </span>
     <span class='ocr_line' id='line_1_21' title="bbox 160 2581 2492 2670; baseline 0 -23"><span class='ocrx_word' id='word_1_173' title='bbox 160 2584 291 2648; x_wconf 90' lang='lat' dir='ltr'><strong>ullo</strong></span> <span class='ocrx_word' id='word_1_174' title='bbox 321 2584 423 2649; x_wconf 87' lang='lat' dir='ltr'><strong>vel</strong></span> <span class='ocrx_word' id='word_1_175' title='bbox 456 2589 674 2649; x_wconf 86' lang='lat' dir='ltr'><strong>atomo</strong></span> <span class='ocrx_word' id='word_1_176' title='bbox 707 2583 975 2669; x_wconf 84' lang='lat' dir='ltr'><strong>quidem</strong></span> <span class='ocrx_word' id='word_1_177' title='bbox 997 2584 1319 2665; x_wconf 89' lang='lat' dir='ltr'><strong>recedam,</strong></span> <span class='ocrx_word' id='word_1_178' title='bbox 1366 2584 1500 2665; x_wconf 88' lang='lat' dir='ltr'><strong>sed,</strong></span> <span class='ocrx_word' id='word_1_179' title='bbox 1547 2584 1670 2652; x_wconf 90' lang='lat' dir='ltr'><strong>deo</strong></span> <span class='ocrx_word' id='word_1_180' title='bbox 1699 2584 2066 2670; x_wconf 83' lang='lat' dir='ltr'><strong>adjuvante,</strong></span> <span class='ocrx_word' id='word_1_181' title='bbox 2096 2581 2492 2670; x_wconf 80' lang='lat' dir='ltr'><strong>permanebo</strong></span> 
     </span>
     <span class='ocr_line' id='line_1_22' title="bbox 157 2686 2492 2773; baseline -0 -20"><span class='ocrx_word' id='word_1_182' title='bbox 157 2690 223 2754; x_wconf 90' lang='lat' dir='ltr'><strong>in</strong></span> <span class='ocrx_word' id='word_1_183' title='bbox 288 2690 543 2755; x_wconf 84' lang='lat' dir='ltr'><strong>unitate</strong></span> <span class='ocrx_word' id='word_1_184' title='bbox 611 2687 763 2755; x_wconf 89' lang='lat' dir='ltr'><strong>fidei</strong></span> <span class='ocrx_word' id='word_1_185' title='bbox 825 2688 1176 2770; x_wconf 73' lang='lat' dir='ltr'><strong>catholicae,</strong></span> <span class='ocrx_word' id='word_1_186' title='bbox 1241 2689 1394 2755; x_wconf 90' lang='lat' dir='ltr'><strong>dum</strong></span> <span class='ocrx_word' id='word_1_187' title='bbox 1458 2690 1726 2773; x_wconf 89' lang='lat' dir='ltr'><strong>spiritus</strong></span> <span class='ocrx_word' id='word_1_188' title='bbox 1800 2689 1920 2755; x_wconf 90' lang='lat' dir='ltr'><strong>hos</strong></span> <span class='ocrx_word' id='word_1_189' title='bbox 1987 2690 2156 2773; x_wconf 86' lang='lat' dir='ltr'><strong>regit</strong></span> <span class='ocrx_word' id='word_1_190' title='bbox 2221 2692 2407 2753; x_wconf 89' lang='lat' dir='ltr'><strong>artus</strong></span> <span class='ocrx_word' id='word_1_191' title='bbox 2438 2686 2492 2752; x_wconf 79' lang='lat'><strong>⁶.</strong></span> 
     </span>
     <span class='ocr_line' id='line_1_23' title="bbox 162 2789 2493 2879; baseline -0.002 -19"><span class='ocrx_word' id='word_1_192' title='bbox 162 2794 540 2879; x_wconf 83' lang='lat' dir='ltr'><strong>Quanquam</strong></span> <span class='ocrx_word' id='word_1_193' title='bbox 596 2795 663 2859; x_wconf 93' lang='lat' dir='ltr'><strong>in</strong></span> <span class='ocrx_word' id='word_1_194' title='bbox 721 2793 945 2859; x_wconf 89' lang='lat' dir='ltr'><strong>multis</strong></span> <span class='ocrx_word' id='word_1_195' title='bbox 1000 2792 1383 2861; x_wconf 88' lang='lat' dir='ltr'><strong>offendimus</strong></span> <span class='ocrx_word' id='word_1_196' title='bbox 1442 2811 1693 2874; x_wconf 80' lang='lat' dir='ltr'><strong>omnes,</strong></span> <span class='ocrx_word' id='word_1_197' title='bbox 1763 2793 1824 2859; x_wconf 91' lang='lat' dir='ltr'><strong>S.</strong></span> <span class='ocrx_word' id='word_1_198' title='bbox 1879 2793 2126 2861; x_wconf 85' lang='lat' dir='ltr'><strong>Jacobo</strong></span> <span class='ocrx_word' id='word_1_199' title='bbox 2183 2797 2388 2873; x_wconf 87' lang='lat' dir='ltr'><strong>teste,</strong></span> <span class='ocrx_word' id='word_1_200' title='bbox 2435 2789 2493 2857; x_wconf 86' lang='lat' dir='ltr'><strong>si</strong></span> 
     </span>
     <span class='ocr_line' id='line_1_24' title="bbox 163 2897 2268 2985; baseline -0.001 -20"><span class='ocrx_word' id='word_1_201' title='bbox 163 2901 323 2966; x_wconf 91' lang='lat' dir='ltr'><strong>enim</strong></span> <span class='ocrx_word' id='word_1_202' title='bbox 370 2900 518 2984; x_wconf 89' lang='lat' dir='ltr'><strong>quis</strong></span> <span class='ocrx_word' id='word_1_203' title='bbox 562 2898 631 2964; x_wconf 88' lang='lat' dir='ltr'><strong>in</strong></span> <span class='ocrx_word' id='word_1_204' title='bbox 678 2898 872 2964; x_wconf 88' lang='lat' dir='ltr'><strong>verbo</strong></span> <span class='ocrx_word' id='word_1_205' title='bbox 917 2919 1047 2964; x_wconf 89' lang='lat' dir='ltr'><strong>non</strong></span> <span class='ocrx_word' id='word_1_206' title='bbox 1088 2897 1373 2980; x_wconf 85' lang='lat' dir='ltr'><strong>offendit,</strong></span> <span class='ocrx_word' id='word_1_207' title='bbox 1418 2899 1526 2965; x_wconf 89' lang='lat' dir='ltr'><strong>hic</strong></span> <span class='ocrx_word' id='word_1_208' title='bbox 1572 2898 1898 2985; x_wconf 81' lang='lat' dir='ltr'><strong>perfectus</strong></span> <span class='ocrx_word' id='word_1_209' title='bbox 1945 2906 2048 2966; x_wconf 88' lang='lat' dir='ltr'><strong>est</strong></span> <span class='ocrx_word' id='word_1_210' title='bbox 2093 2898 2190 2965; x_wconf 86' lang='lat' dir='ltr'><strong>vir</strong></span> <span class='ocrx_word' id='word_1_211' title='bbox 2223 2898 2268 2963; x_wconf 81' lang='lat'><strong>⁷.</strong></span> 
     </span>
    </p>

    <p class='ocr_par' dir='ltr' id='par_1_4' title="bbox 164 3002 2494 4037">
     <span class='ocr_line' id='line_1_25' title="bbox 333 3002 2494 3089; baseline -0 -19"><span class='ocrx_word' id='word_1_212' title='bbox 333 3004 551 3083; x_wconf 84' lang='lat' dir='ltr'><strong>Quare</strong></span> <span class='ocrx_word' id='word_1_213' title='bbox 616 3003 766 3070; x_wconf 90' lang='lat' dir='ltr'><strong>nolo</strong></span> <span class='ocrx_word' id='word_1_214' title='bbox 830 3002 912 3070; x_wconf 90' lang='lat' dir='ltr'><strong>de</strong></span> <span class='ocrx_word' id='word_1_215' title='bbox 978 3025 1082 3069; x_wconf 91' lang='lat' dir='ltr'><strong>me</strong></span> <span class='ocrx_word' id='word_1_216' title='bbox 1132 3005 1389 3089; x_wconf 88' lang='lat' dir='ltr'><strong>jactare</strong></span> <span class='ocrx_word' id='word_1_217' title='bbox 1444 3011 1700 3073; x_wconf 89' lang='lat' dir='ltr'><strong>tantam</strong></span> <span class='ocrx_word' id='word_1_218' title='bbox 1759 3006 2172 3073; x_wconf 80' lang='lat' dir='ltr'><strong>sanctitatem</strong></span> <span class='ocrx_word' id='word_1_219' title='bbox 2189 3053 2205 3085; x_wconf 91' lang='lat'><strong>,</strong></span> <span class='ocrx_word' id='word_1_220' title='bbox 2261 3008 2336 3071; x_wconf 89' lang='lat' dir='ltr'><strong>ut</strong></span> <span class='ocrx_word' id='word_1_221' title='bbox 2391 3003 2494 3069; x_wconf 79' lang='lat' dir='ltr'><strong>vel</strong></span> 
     </span>
     <span class='ocr_line' id='line_1_26' title="bbox 165 3107 2494 3199; baseline 0 -24"><span class='ocrx_word' id='word_1_222' title='bbox 165 3110 349 3199; x_wconf 83' lang='lat' dir='ltr'><strong>verbo</strong></span> <span class='ocrx_word' id='word_1_223' title='bbox 392 3110 715 3175; x_wconf 88' lang='lat' dir='ltr'><strong>neminem</strong></span> <span class='ocrx_word' id='word_1_224' title='bbox 771 3107 1177 3190; x_wconf 87' lang='lat' dir='ltr'><strong>offenderim,</strong></span> <span class='ocrx_word' id='word_1_225' title='bbox 1242 3131 1453 3195; x_wconf 89' lang='lat' dir='ltr'><strong>neque</strong></span> <span class='ocrx_word' id='word_1_226' title='bbox 1507 3109 1834 3195; x_wconf 88' lang='lat' dir='ltr'><strong>gloriabor</strong></span> <span class='ocrx_word' id='word_1_227' title='bbox 1891 3108 1974 3177; x_wconf 93' lang='lat' dir='ltr'><strong>de</strong></span> <span class='ocrx_word' id='word_1_228' title='bbox 2034 3116 2220 3177; x_wconf 87' lang='lat' dir='ltr'><strong>tanta</strong></span> <span class='ocrx_word' id='word_1_229' title='bbox 2276 3110 2346 3175; x_wconf 91' lang='lat' dir='ltr'><strong>in</strong></span> <span class='ocrx_word' id='word_1_230' title='bbox 2389 3130 2494 3175; x_wconf 92' lang='lat' dir='ltr'><strong>me</strong></span> 
     </span>
     <span class='ocr_line' id='line_1_27' title="bbox 168 3202 2493 3302; baseline 0.001 -23"><span class='ocrx_word' id='word_1_231' title='bbox 168 3215 477 3300; x_wconf 86' lang='lat' dir='ltr'><strong>sapientia</strong></span> <span class='ocrx_word' id='word_1_232' title='bbox 522 3218 597 3280; x_wconf 88' lang='lat' dir='ltr'><strong>ut</strong></span> <span class='ocrx_word' id='word_1_233' title='bbox 640 3213 831 3279; x_wconf 81' lang='lat' dir='ltr'><strong>velim</strong></span> <span class='ocrx_word' id='word_1_234' title='bbox 876 3213 1171 3281; x_wconf 89' lang='lat' dir='ltr'><strong>incautas</strong></span> <span class='ocrx_word' id='word_1_235' title='bbox 1218 3213 1604 3283; x_wconf 85' lang='lat' dir='ltr'><strong>offensiones</strong></span> <span class='ocrx_word' id='word_1_236' title='bbox 1658 3202 2083 3302; x_wconf 71' lang='lat' dir='ltr'><strong>pertinaciter</strong></span> <span class='ocrx_word' id='word_1_237' title='bbox 2127 3213 2493 3283; x_wconf 84' lang='lat' dir='ltr'><strong>defendere.</strong></span> 
     </span>
     <span class='ocr_line' id='line_1_28' title="bbox 167 3318 2494 3407; baseline 0.001 -23"><span class='ocrx_word' id='word_1_238' title='bbox 167 3319 324 3385; x_wconf 87' lang='lat' dir='ltr'><strong>Nam</strong></span> <span class='ocrx_word' id='word_1_239' title='bbox 356 3319 383 3357; x_wconf 79' lang='lat'><strong>⁸</strong></span> <span class='ocrx_word' id='word_1_240' title='bbox 431 3319 489 3385; x_wconf 89' lang='lat' dir='ltr'><strong>si</strong></span> <span class='ocrx_word' id='word_1_241' title='bbox 520 3318 823 3386; x_wconf 88' lang='lat' dir='ltr'><strong>Salomon</strong></span> <span class='ocrx_word' id='word_1_242' title='bbox 867 3318 977 3385; x_wconf 91' lang='lat' dir='ltr'><strong>ille</strong></span> <span class='ocrx_word' id='word_1_243' title='bbox 1018 3341 1137 3385; x_wconf 85' lang='lat' dir='ltr'><strong>rex</strong></span> <span class='ocrx_word' id='word_1_244' title='bbox 1180 3320 1384 3388; x_wconf 90' lang='lat' dir='ltr'><strong>solam</strong></span> <span class='ocrx_word' id='word_1_245' title='bbox 1428 3319 1768 3405; x_wconf 86' lang='lat' dir='ltr'><strong>postulans</strong></span> <span class='ocrx_word' id='word_1_246' title='bbox 1799 3321 2204 3407; x_wconf 86' lang='lat' dir='ltr'><strong>sapientiam,</strong></span> <span class='ocrx_word' id='word_1_247' title='bbox 2225 3322 2494 3406; x_wconf 86' lang='lat' dir='ltr'><strong>jamque</strong></span> 
     </span>
     <span class='ocr_line' id='line_1_29' title="bbox 167 3423 2493 3512; baseline 0.001 -22"><span class='ocrx_word' id='word_1_248' title='bbox 167 3431 537 3491; x_wconf 89' lang='lat' dir='ltr'><strong>consecutus</strong></span> <span class='ocrx_word' id='word_1_249' title='bbox 596 3444 638 3489; x_wconf 88' lang='lat' dir='ltr'><strong>a</strong></span> <span class='ocrx_word' id='word_1_250' title='bbox 692 3423 948 3492; x_wconf 90' lang='lat' dir='ltr'><strong>domino</strong></span> <span class='ocrx_word' id='word_1_251' title='bbox 1006 3424 1131 3491; x_wconf 90' lang='lat' dir='ltr'><strong>deo</strong></span> <span class='ocrx_word' id='word_1_252' title='bbox 1193 3431 1330 3491; x_wconf 85' lang='lat' dir='ltr'><strong>tam</strong></span> <span class='ocrx_word' id='word_1_253' title='bbox 1376 3426 1764 3511; x_wconf 89' lang='lat' dir='ltr'><strong>sapientiam</strong></span> <span class='ocrx_word' id='word_1_254' title='bbox 1819 3447 2014 3512; x_wconf 88' lang='lat' dir='ltr'><strong>quam</strong></span> <span class='ocrx_word' id='word_1_255' title='bbox 2074 3425 2493 3511; x_wconf 89' lang='lat' dir='ltr'><strong>prudentium</strong></span> 
     </span>
     <span class='ocr_line' id='line_1_30' title="bbox 164 3528 2492 3616; baseline 0 -21"><span class='ocrx_word' id='word_1_256' title='bbox 164 3530 424 3596; x_wconf 87' lang='lat' dir='ltr'><strong>multam</strong></span> <span class='ocrx_word' id='word_1_257' title='bbox 456 3528 647 3595; x_wconf 85' lang='lat' dir='ltr'><strong>nimis</strong></span> <span class='ocrx_word' id='word_1_258' title='bbox 690 3551 831 3615; x_wconf 84' lang='lat' dir='ltr'><strong>quae</strong></span> <span class='ocrx_word' id='word_1_259' title='bbox 863 3530 1279 3614; x_wconf 81' lang='lat' dir='ltr'><strong>praecellebat</strong></span> <span class='ocrx_word' id='word_1_260' title='bbox 1318 3530 1709 3616; x_wconf 85' lang='lat' dir='ltr'><strong>sapientiam</strong></span> <span class='ocrx_word' id='word_1_261' title='bbox 1739 3531 2021 3597; x_wconf 89' lang='lat' dir='ltr'><strong>omnium</strong></span> <span class='ocrx_word' id='word_1_262' title='bbox 2063 3530 2492 3611; x_wconf 87' lang='lat' dir='ltr'><strong>orientalium,</strong></span> 
     </span>
     <span class='ocr_line' id='line_1_31' title="bbox 174 3633 2492 3721; baseline 0 -22"><span class='ocrx_word' id='word_1_263' title='bbox 174 3634 241 3700; x_wconf 91' lang='lat' dir='ltr'><strong>de</strong></span> <span class='ocrx_word' id='word_1_264' title='bbox 299 3658 367 3703; x_wconf 91' lang='lat' dir='ltr'><strong>se</strong></span> <span class='ocrx_word' id='word_1_265' title='bbox 422 3636 567 3720; x_wconf 88' lang='lat' dir='ltr'><strong>ipso</strong></span> <span class='ocrx_word' id='word_1_266' title='bbox 630 3635 891 3719; x_wconf 89' lang='lat' dir='ltr'><strong>quidem</strong></span> <span class='ocrx_word' id='word_1_267' title='bbox 936 3656 1065 3701; x_wconf 88' lang='lat' dir='ltr'><strong>non</strong></span> <span class='ocrx_word' id='word_1_268' title='bbox 1110 3636 1333 3721; x_wconf 88' lang='lat' dir='ltr'><strong>utique</strong></span> <span class='ocrx_word' id='word_1_269' title='bbox 1368 3635 1394 3675; x_wconf 82' lang='lat'>⁹</span> <span class='ocrx_word' id='word_1_270' title='bbox 1448 3636 1664 3703; x_wconf 88' lang='lat' dir='ltr'><strong>animo</strong></span> <span class='ocrx_word' id='word_1_271' title='bbox 1709 3635 2063 3703; x_wconf 88' lang='lat' dir='ltr'><strong>mentiendi</strong></span> <span class='ocrx_word' id='word_1_272' title='bbox 2107 3633 2492 3701; x_wconf 84' lang='lat' dir='ltr'><strong>testificatus</strong></span> 
     </span>
     <span class='ocr_line' id='line_1_32' title="bbox 172 3737 2491 3825; baseline -0.001 -22"><span class='ocrx_word' id='word_1_273' title='bbox 172 3746 275 3822; x_wconf 87' lang='lat' dir='ltr'><strong>est,</strong></span> <span class='ocrx_word' id='word_1_274' title='bbox 318 3748 385 3807; x_wconf 93' lang='lat' dir='ltr'><strong>et</strong></span> <span class='ocrx_word' id='word_1_275' title='bbox 430 3741 619 3807; x_wconf 83' lang='lat' dir='ltr'><strong>dixit:</strong></span> <span class='ocrx_word' id='word_1_276' title='bbox 668 3740 1099 3807; x_wconf 87' lang='lat' dir='ltr'><strong>Stultissimus</strong></span> <span class='ocrx_word' id='word_1_277' title='bbox 1144 3762 1285 3805; x_wconf 88' lang='lat' dir='ltr'><strong>sum</strong></span> <span class='ocrx_word' id='word_1_278' title='bbox 1332 3741 1638 3823; x_wconf 87' lang='lat' dir='ltr'><strong>virorum,</strong></span> <span class='ocrx_word' id='word_1_279' title='bbox 1683 3746 1751 3808; x_wconf 92' lang='lat' dir='ltr'><strong>et</strong></span> <span class='ocrx_word' id='word_1_280' title='bbox 1795 3739 2118 3825; x_wconf 82' lang='lat' dir='ltr'><strong>sapientia</strong></span> <span class='ocrx_word' id='word_1_281' title='bbox 2161 3737 2491 3804; x_wconf 90' lang='lat' dir='ltr'><strong>hominum</strong></span> 
     </span>
     <span class='ocr_line' id='line_1_33' title="bbox 173 3844 2492 3931; baseline -0 -24"><span class='ocrx_word' id='word_1_282' title='bbox 173 3863 283 3909; x_wconf 90' lang='lat' dir='ltr'><strong>non</strong></span> <span class='ocrx_word' id='word_1_283' title='bbox 328 3852 429 3913; x_wconf 89' lang='lat' dir='ltr'><strong>est</strong></span> <span class='ocrx_word' id='word_1_284' title='bbox 473 3866 727 3913; x_wconf 90' lang='lat' dir='ltr'><strong>mecum</strong></span> <span class='ocrx_word' id='word_1_285' title='bbox 762 3846 849 3927; x_wconf 80' lang='lat'><strong>¹⁰3</strong></span> <span class='ocrx_word' id='word_1_286' title='bbox 908 3846 1358 3931; x_wconf 85' lang='lat' dir='ltr'><strong>quantomagis</strong></span> <span class='ocrx_word' id='word_1_287' title='bbox 1408 3866 1525 3930; x_wconf 89' lang='lat' dir='ltr'><strong>ego</strong></span> <span class='ocrx_word' id='word_1_288' title='bbox 1585 3845 1896 3931; x_wconf 83' lang='lat' dir='ltr'><strong>profanus</strong></span> <span class='ocrx_word' id='word_1_289' title='bbox 1941 3844 2318 3923; x_wconf 88' lang='lat' dir='ltr'><strong>homuncio,</strong></span> <span class='ocrx_word' id='word_1_290' title='bbox 2363 3862 2492 3907; x_wconf 91' lang='lat' dir='ltr'><strong>non</strong></span> 
     </span>
     <span class='ocr_line' id='line_1_34' title="bbox 178 3946 2494 4037; baseline 0 -25"><span class='ocrx_word' id='word_1_291' title='bbox 178 3946 363 4019; x_wconf 85' lang='lat' dir='ltr'><strong>debeo</strong></span> <span class='ocrx_word' id='word_1_292' title='bbox 406 3951 567 4017; x_wconf 85' lang='lat' dir='ltr'><strong>mihi</strong></span> <span class='ocrx_word' id='word_1_293' title='bbox 612 3971 919 4035; x_wconf 84' lang='lat' dir='ltr'><strong>arrogare</strong></span> <span class='ocrx_word' id='word_1_294' title='bbox 960 3956 1213 4017; x_wconf 87' lang='lat' dir='ltr'><strong>tantam</strong></span> <span class='ocrx_word' id='word_1_295' title='bbox 1258 3951 1692 4036; x_wconf 85' lang='lat' dir='ltr'><strong>prudentiam,</strong></span> <span class='ocrx_word' id='word_1_296' title='bbox 1738 3957 1816 4017; x_wconf 90' lang='lat' dir='ltr'><strong>ut</strong></span> <span class='ocrx_word' id='word_1_297' title='bbox 1843 3968 2234 4037; x_wconf 87' lang='lat' dir='ltr'><strong>praesumam</strong></span> <span class='ocrx_word' id='word_1_298' title='bbox 2264 3952 2494 4014; x_wconf 86' lang='lat' dir='ltr'><strong>contra</strong></span> 
     </span>
    </p>
   </div>
   <div class='ocr_carea' id='block_1_3' title="bbox 1314 4156 1351 4195">
    <p class='ocr_par' dir='ltr' id='par_1_5' title="bbox 1314 4156 1351 4195">
     <span class='ocr_line' id='line_1_35' title="bbox 1314 4156 1351 4195; baseline 0 0"><span class='ocrx_word' id='word_1_299' title='bbox 1314 4156 1351 4195; x_wconf 54' lang='lat'>⁸</span> 
     </span>
    </p>
   </div>
   <div class='ocr_carea' id='block_1_4' title="bbox 176 4242 2494 4579">
    <p class='ocr_par' dir='ltr' id='par_1_6' title="bbox 176 4242 2494 4579">
     <span class='ocr_line' id='line_1_36' title="bbox 302 4242 2494 4297; baseline 0 -4"><span class='ocrx_word' id='word_1_300' title='bbox 302 4248 323 4293; x_wconf 88' lang='lat'>1</span> <span class='ocrx_word' id='word_1_301' title='bbox 355 4246 635 4297; x_wconf 87' lang='lat' dir='ltr'><strong>Hominem</strong></span> <span class='ocrx_word' id='word_1_302' title='bbox 660 4246 884 4297; x_wconf 86' lang='lat' dir='ltr'><strong>latinum</strong></span> <span class='ocrx_word' id='word_1_303' title='bbox 912 4250 963 4297; x_wconf 89' lang='lat'><strong>3.</strong></span> <span class='ocrx_word' id='word_1_304' title='bbox 1108 4250 1137 4297; x_wconf 84' lang='lat'><strong><em>2</em></strong></span> <span class='ocrx_word' id='word_1_305' title='bbox 1166 4244 1358 4297; x_wconf 84' lang='lat' dir='ltr'><strong>Totum</strong></span> <span class='ocrx_word' id='word_1_306' title='bbox 1383 4246 1544 4297; x_wconf 79' lang='lat' dir='ltr'><strong>ferme</strong></span> <span class='ocrx_word' id='word_1_307' title='bbox 1573 4248 1621 4296; x_wconf 95' lang='grc'><strong>3.</strong></span> <span class='ocrx_word' id='word_1_308' title='bbox 1767 4248 1798 4294; x_wconf 86' lang='grc'><strong>3</strong></span> <span class='ocrx_word' id='word_1_309' title='bbox 1826 4244 2140 4295; x_wconf 64' lang='lat' dir='ltr'><strong>iniucundus</strong></span> <span class='ocrx_word' id='word_1_310' title='bbox 2168 4246 2217 4293; x_wconf 85' lang='lat'><strong>3.</strong></span> <span class='ocrx_word' id='word_1_311' title='bbox 2359 4246 2394 4293; x_wconf 77' lang='lat'>4</span> <span class='ocrx_word' id='word_1_312' title='bbox 2421 4242 2494 4294; x_wconf 87' lang='lat' dir='ltr'><strong>Ut</strong></span> 
     </span>
     <span class='ocr_line' id='line_1_37' title="bbox 176 4329 2492 4400; baseline 0 -19"><span class='ocrx_word' id='word_1_313' title='bbox 176 4330 395 4383; x_wconf 75' lang='lat' dir='ltr'><strong>resistere</strong></span> <span class='ocrx_word' id='word_1_314' title='bbox 432 4338 483 4385; x_wconf 83' lang='lat'><strong>3.</strong></span> <span class='ocrx_word' id='word_1_315' title='bbox 628 4336 659 4384; x_wconf 88' lang='grc'>5</span> <span class='ocrx_word' id='word_1_316' title='bbox 698 4333 963 4400; x_wconf 85' lang='lat' dir='ltr'><strong>Speranda</strong></span> <span class='ocrx_word' id='word_1_317' title='bbox 987 4341 1069 4385; x_wconf 86' lang='lat' dir='ltr'><strong>est</strong></span> <span class='ocrx_word' id='word_1_318' title='bbox 1094 4337 1142 4385; x_wconf 84' lang='lat'><strong>3.</strong></span> <span class='ocrx_word' id='word_1_319' title='bbox 1290 4339 1321 4385; x_wconf 85' lang='grc'><strong>6</strong></span> <span class='ocrx_word' id='word_1_320' title='bbox 1360 4335 1502 4384; x_wconf 87' lang='lat' dir='ltr'><strong>Dum</strong></span> <span class='ocrx_word' id='word_1_321' title='bbox 1527 4332 1748 4399; x_wconf 84' lang='lat' dir='ltr'><strong>spiritus</strong></span> <span class='ocrx_word' id='word_1_322' title='bbox 1774 4338 1871 4384; x_wconf 83' lang='lat' dir='ltr'><strong>eto.</strong></span> <span class='ocrx_word' id='word_1_323' title='bbox 1912 4332 2072 4398; x_wconf 79' lang='lat' dir='ltr'><strong>Verg.</strong></span> <span class='ocrx_word' id='word_1_324' title='bbox 2099 4332 2230 4381; x_wconf 81' lang='lat' dir='ltr'><strong>Aen.</strong></span> <span class='ocrx_word' id='word_1_325' title='bbox 2257 4329 2344 4393; x_wconf 86' lang='lat' dir='ltr'><strong>IV,</strong></span> <span class='ocrx_word' id='word_1_326' title='bbox 2371 4332 2492 4383; x_wconf 82' lang='grc'><strong>336.</strong></span> 
     </span>
     <span class='ocr_line' id='line_1_38' title="bbox 180 4410 2493 4499; baseline 0.002 -31"><span class='ocrx_word' id='word_1_327' title='bbox 180 4418 201 4461; x_wconf 85' lang='grc'><strong>7</strong></span> <span class='ocrx_word' id='word_1_328' title='bbox 236 4418 420 4472; x_wconf 73' lang='lat' dir='ltr'><strong>Jakob.</strong></span> <span class='ocrx_word' id='word_1_329' title='bbox 458 4424 507 4484; x_wconf 88' lang='grc'><strong>3,</strong></span> <span class='ocrx_word' id='word_1_330' title='bbox 548 4410 595 4471; x_wconf 71' lang='grc'><strong>2“.</strong></span> <span class='ocrx_word' id='word_1_331' title='bbox 741 4424 773 4472; x_wconf 89' lang='grc'>8</span> <span class='ocrx_word' id='word_1_332' title='bbox 814 4423 945 4473; x_wconf 87' lang='lat' dir='ltr'><strong>Nam</strong></span> <span class='ocrx_word' id='word_1_333' title='bbox 993 4422 1196 4488; x_wconf 79' lang='lat' dir='ltr'><strong>ausgel.</strong></span> <span class='ocrx_word' id='word_1_334' title='bbox 1238 4426 1288 4472; x_wconf 84' lang='lat'><strong>2.</strong></span> <span class='ocrx_word' id='word_1_335' title='bbox 1336 4420 1547 4497; x_wconf 82' lang='lat' dir='ltr'><strong>ianque]</strong></span> <span class='ocrx_word' id='word_1_336' title='bbox 1595 4435 1820 4499; x_wconf 80' lang='lat' dir='ltr'><strong>eamque</strong></span> <span class='ocrx_word' id='word_1_337' title='bbox 1859 4424 1906 4471; x_wconf 77' lang='lat'><strong>2.</strong></span> <span class='ocrx_word' id='word_1_338' title='bbox 2053 4420 2085 4483; x_wconf 73' lang='grc'>9</span> <span class='ocrx_word' id='word_1_339' title='bbox 2124 4417 2338 4497; x_wconf 72' lang='lat' dir='ltr'><strong>Utique]</strong></span> <span class='ocrx_word' id='word_1_340' title='bbox 2375 4417 2493 4477; x_wconf 73' lang='lat' dir='ltr'><strong>ubi·</strong></span> 
     </span>
     <span class='ocr_line' id='line_1_39' title="bbox 180 4509 1446 4579; baseline 0.006 -26"><span class='ocrx_word' id='word_1_341' title='bbox 180 4516 270 4569; x_wconf 85' lang='lat' dir='ltr'><strong>que</strong></span> <span class='ocrx_word' id='word_1_342' title='bbox 306 4511 351 4563; x_wconf 80' lang='lat'><strong>2.</strong></span> <span class='ocrx_word' id='word_1_343' title='bbox 496 4513 559 4561; x_wconf 86' lang='lat'><strong>10</strong></span> <span class='ocrx_word' id='word_1_344' title='bbox 594 4509 967 4579; x_wconf 68' lang='lat' dir='ltr'><strong>stultissimus]</strong></span> <span class='ocrx_word' id='word_1_345' title='bbox 1005 4510 1234 4578; x_wconf 76' lang='lat' dir='ltr'><strong>spriiche</strong></span> <span class='ocrx_word' id='word_1_346' title='bbox 1272 4512 1356 4575; x_wconf 83' lang='grc'><strong>30,</strong></span> <span class='ocrx_word' id='word_1_347' title='bbox 1397 4515 1446 4571; x_wconf 83' lang='lat'><strong>2,</strong></span> 
     </span>
    </p>
   </div>
  </div>
 </body>
</html>
