2950 5042
1512 400 1643 467 252

409 583 798 657 contemnat.
854 609 864 618 ·
893 588 1072 671 Quae
1117 610 1224 657 res
1262 586 1436 660 adeo
1480 610 1583 656 me
1614 588 1795 655 nulla
1824 588 1959 654 urit
1989 586 2254 669 invidia,
2299 592 2378 653 ut
2405 585 2729 654 vehemen-

405 698 532 761 ter'
555 696 752 761 etiam
797 694 1114 781 gaudeam
1159 714 1408 780 proque
1453 715 1601 761 mea
1648 694 1814 760 virili
1875 700 2276 791 currentem,
2324 693 2500 778 quod
2542 696 2728 779 ajunt,

405 800 798 867 extimulem.
886 800 1117 867 Nullas
1163 800 1248 866 ad
1294 799 1545 865 medat
1576 800 1822 879 literas,
1872 798 2129 883 (scribit
2173 803 2391 863 autem
2428 796 2728 884 crebrius)

405 905 472 971 in
517 906 754 991 quibus
800 926 926 971 non
973 905 1174 971 faciat
1216 902 1929 972 honorificentissimam
1974 904 2073 970 tui
2134 904 2549 969 mentionem.
2620 906 2731 970 De-

406 1016 702 1086 creverat
747 1011 964 1095 positu
994 1010 1173 1077 cultu
1207 1010 1577 1095 episcopali,
1623 1011 1746 1075 hoc
1795 1015 1913 1091 est,
1962 1010 2134 1075 linea
2176 1016 2374 1089 veste,
2424 1030 2553 1095 qua
2584 1031 2732 1075 sem·
2841 1052 2845 1058 -

409 1136 530 1201 per
554 1120 850 1199 ¹utuntur
893 1117 959 1180 in
1005 1115 1255 1199 Anglia,
1301 1115 1442 1180 nisi·
1470 1136 1617 1182 cum
1647 1126 1995 1195 venantur,
2041 1114 2363 1199 trajicere,
2424 1115 2545 1180 hac
2588 1134 2733 1199 prae-

411 1221 598 1305 cipue
645 1242 843 1287 causa
887 1220 1205 1306 impulsus
1254 1242 1383 1306 quo
1430 1227 1647 1287 tecum
1695 1220 1975 1305 colloqui
2018 1220 2264 1299 liceret,
2316 1226 2507 1285 tanta
2549 1220 2735 1285 habet

405 1325 726 1392 hominem
775 1326 1071 1393 discendi
1133 1326 1358 1411 tuique
1405 1326 1568 1392 sitis.
1620 1327 1831 1410 Atque
1878 1324 2001 1391 hac
2032 1325 2171 1409 lege
2218 1344 2338 1390 nos
2408 1323 2494 1391 ad
2540 1326 2733 1389 navim

405 1439 834 1517 properantes
868 1432 1091 1497 decem
1123 1430 1300 1516 apud
1333 1452 1473 1497 sese
1508 1431 1646 1497 dies
1678 1431 1974 1512 detinuit,
2006 1436 2081 1496 ut
2110 1451 2241 1497 una
2272 1431 2729 1517 trajiceremus.

409 1538 652 1604 Verum
681 1537 906 1603 incidit
935 1542 1184 1620 postea,
1229 1557 1346 1601 cur
1389 1542 1680 1601 mutaret
1708 1536 2043 1629 consilium
2076 1541 2161 1617 et,
2221 1536 2275 1602 si
2306 1558 2449 1601 rem
2483 1536 2733 1615 distulit,

405 1642 602 1708 animi
644 1642 1050 1726 propositum
1111 1663 1237 1708 nou
1283 1642 1576 1707 mutavit.
1668 1642 1741 1707 In
1790 1647 2079 1707 extremo
2125 1640 2425 1725 digressu
2475 1633 2741 1707 sollicite*

405 1769 511 1814 me
557 1748 827 1831 rogavit,
860 1767 991 1832 qua
1037 1768 1106 1811 re
1138 1751 1361 1829 posset
1392 1746 1513 1812 tibi
1542 1752 1804 1831 gratum
1844 1747 2079 1812 facere.
2171 1746 2524 1830 Respondi,
2570 1751 2733 1811 tuam

338 1839 363 1901 ⁹-
404 1852 734 1919 fortunam
778 1873 905 1918 non
953 1872 1094 1917 esse
1143 1850 1493 1935 ejusmodi,
1538 1857 1613 1917 ut
1657 1872 2047 1936 magnopere
2094 1854 2372 1943 egeret·¹
2452 1852 2728 1937 pecunia,
2788 1871 2791 1876 ·

403 1976 630 2024 verum
688 1958 743 2022 si
788 1958 1082 2023 mitteret
1128 1957 1438 2023 annulum
1490 1962 1607 2023 aut
1658 1963 1939 2038 vestem,
1983 1964 2101 2024 aut
2163 1957 2346 2023 aliud
2410 1956 2729 2042 ejusmodi,

403 2062 580 2147 quod
627 2083 748 2128 ceu
793 2063 890 2128 tui
934 2068 1419 2130 monumentum
1465 2068 1689 2148 posset
1733 2047 2073 2147 amplecti,
2132 2062 2202 2127 id
2256 2062 2399 2128 fore
2464 2062 2734 2146 gratissi-

413 2187 610 2232 mum.
705 2168 1092 2251 Respondit,
1153 2189 1224 2233 se
1269 2167 1430 2233 nihil
1475 2168 1805 2248 laborare,
1867 2167 2095 2254 quanti
2140 2173 2508 2247 constaret,
2553 2166 2725 2232 modo

405 2272 528 2338 tibi
575 2273 830 2356 gratum
878 2278 1072 2339 esset.
1163 2272 1543 2339 Collaudavi
1588 2272 1863 2339 hominis
1909 2273 2211 2353 animum,
2258 2274 2557 2359 suspicor
2600 2292 2730 2339 eum

404 2376 590 2445 brevi
647 2378 731 2444 ad
792 2385 858 2445 te
923 2384 1284 2443 venturum.
1384 2379 1653 2444 Interim
1708 2378 1812 2444 fac
1859 2378 2105 2445 scribas
2150 2378 2348 2457 mihi,
2403 2377 2576 2463 quid
2626 2376 2731 2441 tibi

405 2482 815 2569 potissimum
875 2483 1051 2549 mitti
1112 2483 1363 2567 cupias,
1426 2484 1641 2549 nullis.
1668 2483 1795 2550 ille·
1825 2504 2138 2568 parsurus
2192 2490 2295 2549 est
2360 2482 2727 2567 sumptibus.

409 2588 598 2656 Sensi
641 2588 822 2655 illum
869 2588 1308 2656 avidissimum
1356 2589 1752 2654 calamorum
1801 2594 2133 2670 νειλωτῶν,
2182 2588 2550 2673 cujusmodi
2593 2585 2731 2651 mihi

408 2698 545 2761 tres
593 2692 848 2759 donasti
893 2692 952 2773 ²,
1015 2694 1286 2777 proinde
1348 2696 1403 2758 si
1461 2693 1582 2758 tibi
1639 2699 1791 2759 sunt
1836 2694 2131 2779 aliquot,
2187 2694 2444 2759 nullum
2506 2712 2766 2780 munus.

407 2799 654 2883 gratius
699 2800 959 2866 mittere
1006 2800 1236 2882 poesie.

583 2904 730 2970 Non
794 2904 1167 2988 gravaberis
1238 2925 1384 2969 eum
1455 2904 1704 2970 crebris
1768 2902 2102 2988 appellare
2170 2903 2379 2969 literis
2456 2909 2523 2969 et
2582 2903 2725 2967 item

409 3007 725 3089 Coletum3
775 3014 1050 3093 uterque
1098 3009 1196 3074 tui
1226 3008 1734 3075 studiosissimus
1766 3016 1885 3089 est,
1930 3015 2206 3095 uterque
2238 3015 2357 3088 est,
2405 3015 2485 3075 ut
2530 3008 2726 3083 etiam,

405 3112 466 3179 si
509 3113 690 3177 nulla
735 3122 1114 3198 speraretur
1158 3115 1430 3195 utilitas,
1476 3120 1691 3179 tamen
1742 3114 1825 3179 ob
1872 3114 2162 3199 egregias
2211 3114 2449 3199 quibus
2497 3110 2731 3198 praediti

407 3224 564 3283 sunt
608 3218 882 3284 virtutes
931 3225 997 3285 et
1053 3220 1340 3285 animum
1393 3222 1459 3284 in
1522 3227 1589 3286 te
1635 3226 1772 3286 tam
1816 3241 2243 3305 propensum,
2311 3220 2492 3303 digni
2560 3220 2727 3283 erant

409 3343 631 3389 amore
677 3332 918 3392 mutuo.
1010 3324 1194 3391 Nunc
1226 3325 1418 3391 ambo
1451 3342 1773 3391 summam
1803 3325 1978 3409 apud
2007 3346 2159 3391 suos
2194 3324 2491 3391 obtinent
2520 3322 2731 3389 autho-

1573 3462 1609 3501 διε

405 3548 492 3601 eie
527 3550 732 3613 schrift,
770 3550 869 3601 σοι.
913 3552 1066 3613 1604,
1103 3551 1253 3617 epist.
1292 3552 1424 3618 App.
1475 3552 1769 3614 cxxxm,
1808 3568 1916 3603 was
1956 3552 2161 3603 freinch
2203 3551 2446 3602 ziemueh
2488 3535 2728 3601 natii'rlich

405 3654 530 3701 war,
569 3638 637 3688 da
673 3638 824 3690 Colet
879 3638 965 3688 die
1002 3638 1252 3689 schriften
1293 3640 1750 3706 zuriickgehalten
1788 3640 1957 3703 hatte,
2010 3656 2095 3690 um
2144 3642 2222 3691 sie
2268 3648 2443 3691 zuei-st
2483 3656 2544 3689 zu
2580 3638 2727 3687 lesen.

405 3726 683 3790 Erasmus,
733 3726 825 3777 der
880 3726 974 3777 das
1015 3744 1079 3777 an
1119 3727 1334 3777 Fischer
1370 3743 1464 3777 zur
1502 3728 1948 3795 entschuldigung
1986 3728 2219 3779 schreibt
2282 3728 2336 3793 (8
2376 3729 2518 3793 Sept.
2564 3725 2719 3786 1517),

405 3816 528 3881 fugt
565 3814 744 3864 hinnu:
794 3814 894 3864 Ubi
950 3813 1160 3865 dabitur
1219 3822 1357 3866 certe
1407 3816 1603 3881 aliquis
1653 3819 1741 3881 qui
1780 3818 2030 3883 perferat,
2068 3818 2272 3867 remitte
2291 3814 2473 3866 ‘nobis
2510 3812 2715 3871 libellos,

406 3904 496 3968 qui
533 3901 600 3953 ad
638 3902 918 3953 Reuchlini
958 3906 1229 3969 negotium
1266 3905 1542 3971 pertinent,
1593 3906 1639 3955 si
1679 3915 1850 3955 tamen
1899 3904 1983 3955 his
2014 3906 2123 3969 jam
2165 3920 2289 3954 usus
2332 3904 2511 3953 fueris.
2586 3902 2720 3948 Danu

403 3991 544 4058 folgt
593 3991 681 4042 die·
733 3990 1124 4042 bezeichnende
1174 3992 1350 4044 stelle:
1401 3994 1615 4059 quidam
1669 4010 1697 4043 e
1749 3992 1975 4043 Colonia
2026 3994 2237 4057 scripsit
2294 3990 2359 4041 ad
2415 4006 2494 4040 me
2534 4000 2722 4053 causam

404 4078 552 4129 illius
598 4079 652 4127 in
691 4080 888 4146 optimo
911 4094 1042 4129 esse
1080 4086 1238 4143 statu,
1277 4096 1458 4131 verum
1496 4082 1719 4131 arbitror
1757 4096 1871 4131 eam
1911 4096 2128 4131 causam
2167 4096 2429 4145 nunquam
2468 4060 2721 4127 finiendam

408 4182 542 4217 esse.
616 4167 778 4234 (opp.
823 4167 1021 4218 Erasini
1059 4168 1164 4229 111,
1212 4169 1313 4221 col.
1358 4171 1521 4230 1630,
1570 4170 1719 4235 epist.
1760 4171 1897 4236 App.
1936 4168 2289 4235 CLXXVIII).
2354 4166 2564 4217 Fischer
2596 4162 2719 4211 hatte

408 4252 526 4306 sich
579 4254 709 4306 iiber
761 4255 846 4305 die
895 4256 1410 4323 vernachlitssigung
1467 4256 1707 4323 beklagt.
1774 4258 1887 4319 (Er.
1937 4256 2069 4323 Opp.
2111 4256 2210 4317 111,
2268 4255 2369 4305 col.
2413 4256 2559 4326 1812,
2592 4249 2720 4315 epist·

408 4342 543 4409 App.
583 4341 982 4411 CCCXXVIII.)

553 4433 576 4477 1
619 4429 860 4494 Egeres?
1005 4436 1034 4481 2
1075 4433 1133 4483 In
1189 4432 1290 4485 den
1335 4432 1637 4488 erhalteneu
1684 4432 1888 4486 briefen
1942 4430 2227 4486 Reuehlins
2274 4446 2340 4484 au
2386 4430 2619 4486 Erasmus
2658 4421 2717 4477 ist

409 4514 582 4569 daven
619 4514 766 4572 nieht
801 4515 887 4571 die
925 4518 1066 4577 rede.
