2950 5042
1365 383 1403 452 7

237 579 570 644 studiorum
617 599 944 658 meorum,
1005 577 1207 642 mavis
1261 583 1375 644 tuo
1427 575 1677 663 judicio
1740 593 1931 662 quam
1998 571 2225 640 alienae
2282 573 2551 640 credere

233 685 686 769 praedicationi,
753 705 868 768 ego
916 683 1087 768 quod
1141 683 1318 749 haud
1378 689 1624 748 temere
1671 681 1829 748 mihi
1876 679 2099 746 videor
2144 679 2547 746 committere

235 791 482 869 debere,
545 796 620 855 ut
657 789 976 874 judicium
1022 794 1204 855 tuum
1253 788 1522 854 subeam
1569 787 1846 854 hominis
1902 791 2037 852 tam
2084 785 2550 872 multiplicibus

235 896 689 980 disciplinarum
724 895 1189 980 literarumque
1223 895 1619 960 ornamentis
1652 891 1937 978 expoliti.
2000 891 2285 970 Quarum
2332 911 2549 960 rerum

235 1001 471 1065 abunde
529 1001 892 1086 locupletes
952 1006 1154 1066 testes
1213 1007 1342 1066 tuae
1408 999 1565 1066 mihi
1626 999 1833 1064 literae
1895 997 2175 1064 fuerunt.
2282 995 2549 1062 Gaudeo

200 1107 338 1189 ·(ita
393 1129 492 1172 me
554 1106 716 1172 deus
779 1107 980 1188 amet)
1039 1106 1242 1172 vicem
1301 1111 1483 1171 tuam
1548 1111 1615 1170 et
1676 1124 1872 1190 quum
1922 1103 2118 1168 animi
2166 1108 2546 1188 naturaeque

231 1217 342 1276 tuae
385 1211 736 1292 foelicitati,
786 1218 921 1276 tum
979 1233 1129 1276 vero
1185 1212 1248 1276 in
1299 1210 1525 1296 primis
1572 1209 1849 1276 fortunis
1898 1207 2259 1274 Germaniae
2306 1214 2547 1274 nostroe

229 1318 510 1400 gratulor,
571 1339 770 1403 quam
819 1318 873 1382 si
922 1339 1206 1402 unquam
1267 1339 1436 1382 nunc
1482 1314 1833 1400 aliquando
1884 1311 2304 1398 expergefieri
2356 1335 2547 1400 opor-

231 1421 374 1488 tebit
430 1429 496 1488 et
554 1423 644 1488 ab
708 1423 830 1488 hac
877 1421 1186 1516 barbarie
1233 1443 1362 1508 qua
1408 1427 1509 1488 tot
1556 1422 1693 1506 jam
1754 1419 1992 1486 seculis
2049 1419 2226 1485 velut
2282 1420 2546 1506 stupido

233 1551 432 1612 sopore
463 1529 569 1594 vel
604 1529 821 1614 potius
864 1527 1146 1618 ληθάργῳ
1192 1554 1306 1592 τινι
1350 1547 1667 1612 oppressa
1700 1531 1961 1592 tenetur
1992 1526 2282 1592 excitari.
2362 1526 2546 1606 Quod

236 1641 422 1702 autem
483 1634 924 1700 eruditissime
982 1633 1171 1699 simul
1219 1633 1854 1718 prudentissimeque
1912 1631 2303 1698 sententiam
2366 1637 2549 1697 tuam

243 1741 300 1804 de
349 1741 678 1806 hebraicis
733 1740 942 1804 literis
999 1739 1085 1804 ad
1143 1761 1246 1804 me
1292 1737 1645 1824 perscribis
1692 1737 1853 1804 facis
1899 1741 1971 1803 tu
2020 1737 2279 1822 quidem
2326 1737 2549 1802 huma-

240 1847 489 1926 nissime,
545 1845 742 1910 credo
789 1846 986 1910 etiam
1049 1865 1201 1910 vera
1248 1851 1312 1910 te
1362 1845 1599 1910 dicere.
1692 1841 1859 1921 Quid
1906 1842 2139 1908 faciam
2186 1843 2445 1908 tamen?
2492 1842 2547 1910 si

235 1953 386 2018 aliud
429 1951 594 2017 mihi
642 1951 914 2016 videtur.
1010 1949 1148 2016 Scis
1196 1951 1396 2031 enim,
1458 1954 1619 2034 quot
1664 1947 1984 2029 bomineS‚
2040 1953 2143 2014 tot
2190 1949 2546 2028 sententiae,

231 2065 293 2123 ut
343 2059 407 2122 in
465 2057 670 2122 rebus
729 2056 1026 2122 humanis
1081 2077 1368 2141 persaepe
1430 2056 1497 2121 in
1544 2060 1825 2120 mentem
1888 2053 2046 2120 mihi
2097 2054 2318 2120 veniat
2364 2053 2549 2120 dubi-

231 2170 374 2244 tare,
421 2165 510 2230 sit
543 2185 622 2229 ne
671 2184 891 2228 verum
937 2163 1004 2228 id
1054 2163 1225 2246 quod
1273 2161 1505 2246 priscis
1536 2158 1863 2226 nonnullis
1897 2159 2103 2225 visum
2140 2164 2258 2239 est,
2306 2180 2447 2224 esse
2480 2159 2547 2224 id

231 2271 525 2353 optimum
583 2269 652 2333 in
700 2269 792 2332 eis
839 2268 1015 2352 quod
1046 2268 1133 2333 sit
1178 2268 1392 2334 animo
1440 2269 1752 2352 cujusque
1784 2265 2241 2350 gratissimum.
2317 2265 2545 2350 Itaque

228 2375 438 2441 mirum
495 2375 564 2439 in
623 2373 880 2441 modum
945 2374 1270 2440 sententia
1330 2394 1408 2440 ea
1482 2373 1675 2458 graeci
1734 2377 1945 2458 poetae
2011 2371 2168 2438 mihi
2229 2369 2549 2455 probatur

231 2480 337 2546 hac
376 2482 444 2546 in
489 2486 680 2568 parte

1489 2583 1712 2674 Οὕνεχ’
1766 2585 1787 2623 ¹
1834 2583 2079 2674 ὕπερθεν

524 2693 711 2762 ἐσθλά
755 2717 825 2758 τε
870 2694 973 2758 καὶ
1017 2693 1099 2758 τοὶ
1145 2693 1344 2784 χέρεια
1391 2691 1543 2758 θεῶν
1591 2696 1652 2756 ἐν
1698 2691 1944 2784 γούνασι
1990 2701 2186 2756 κεῖται

526 2801 705 2888 μυρίοι
739 2799 763 2838 2
795 2805 872 2874 εἰς
905 2799 966 2862 ἓν
997 2798 1200 2864 πάντα
1231 2797 1569 2890 μεμιγμένα
1598 2799 1701 2862 καὶ
1730 2797 1811 2860 τοὶ
1844 2795 1950 2884 μὲν
1984 2796 2141 2870 οὔτις

529 2897 806 2995 δέρκετχι
852 2903 1199 2984 ἀθανάτων,
1249 2905 1385 2969 ἀλλ’
1433 2903 1811 2994 ἁπροτίοπτα
1855 2901 2144 2967 τέτυκται

527 3013 714 3099 ἁχλυί·
737 3010 1012 3094 θεσπεσίῃ
1049 3008 1074 3048 ⁸
1103 3009 1527 3098 κεκαλυμμένοι
1559 3019 1681 3082 τοῖς
1714 2998 1763 3072 δ’
1798 3007 1894 3072 ἐπὶ
1924 3018 2118 3098 χεῖρας

529 3120 622 3188 οἴη
656 3128 830 3205 μοῖρα
860 3115 1056 3188 τίθησι
1086 3117 1188 3180 καὶ
1219 3114 1341 3204 οὐχ’
1375 3113 1577 3204 ὁρόωσ’
1610 3114 1639 3153 4
1670 3112 1769 3179 ἀπ’
1802 3111 2121 3201 Ὀλύμπου

528 3226 586 3296 ἐς
615 3233 794 3312 γαῒκν
825 3223 1094 3310 προΐησι·
1127 3221 1208 3285 τὰ
1241 3211 1292 3284 δ’
1326 3209 1569 3294 ἄλλυδις
1600 3218 1625 3258 5
1658 3217 1817 3284 ἄλλοι
1849 3219 2127 3310 φέρονται

527 3329 702 3399 πνοίη
753 3333 830 3402 ὡς
873 3327 1116 3416 ἀνέμοιο
1151 3325 1192 3389 ⁶.

388 3433 616 3516 Itaque
660 3432 956 3497 adducar
1002 3437 1078 3496 ut
1121 3438 1342 3515 putem
1399 3432 1561 3496 satis
1600 3432 1846 3516 justam
1895 3450 2157 3497 causam
2204 3428 2363 3494 mihi
2405 3449 2545 3494 esse

229 3557 413 3618 quare
474 3538 759 3604 debeant
815 3559 905 3602 eae
961 3537 1168 3602 literae
1227 3536 1387 3608 mihi
1441 3537 1701 3622 placere
1762 3537 1885 3602 hoc
1929 3536 2141 3619 ipsum
2190 3533 2365 3618 quod
2412 3532 2548 3616 pla-

229 3648 382 3707 cent.
466 3644 560 3708 Ut
617 3648 835 3706 tamen
891 3643 1058 3708 scias
1105 3664 1473 3728 quanquam
1523 3665 1651 3706 non
1699 3647 1907 3720 recte,
1967 3662 2094 3706 non
2142 3645 2359 3706 tamen
2409 3637 2545 3702 sine

227 3747 458 3814 ratione
505 3771 609 3814 me
658 3770 910 3827 errare,
972 3753 1130 3832 puto
1186 3771 1298 3814 vos
1344 3769 1605 3832 magnos
1662 3749 1832 3812 viros
1888 3746 1998 3832 qui
2057 3745 2304 3810 clarum
2366 3742 2546 3808 vobis

231 3851 746 3937 splendidumque
805 3876 883 3918 ex
928 3854 1392 3920 illustrioribus
1439 3854 1673 3919 studiis
1720 3851 2005 3936 parastis
2050 3871 2299 3929 nomen,
2350 3849 2546 3914 etiam

232 3957 354 4022 sine
407 3960 506 4025 his
569 3960 776 4025 literis
840 3960 1029 4025 facile
1101 3961 1415 4026 rationem
1481 3961 1628 4024 vitae
1698 3962 1929 4024 vestrae
1994 3977 2185 4041 posse
2251 3955 2545 4020 reddere.

233 4060 371 4137 Quae
415 4065 672 4149 quidem
719 4066 774 4130 si
821 4065 1035 4130 desint
1080 4066 1262 4132 vobis
1309 4087 1436 4130 non
1482 4085 1868 4148 magnopere
1916 4062 2399 4140 desiderentur,
2448 4061 2545 4126 sin

234 4170 422 4235 assint
475 4192 626 4236 vero
687 4192 933 4254 magnae
993 4172 1172 4237 laudi
1229 4172 1494 4249 dentur,
1558 4170 1995 4236 accessionem
2059 4175 2275 4234 tamen
2346 4189 2547 4250 quan-

1363 4338 1395 4374 ,ιε

374 4428 392 4470 1
422 4418 575 4492 οὕνεχ’
609 4430 650 4473 1.
763 4429 790 4473 2
821 4423 990 4494 μοίρης
1025 4431 1044 4474 1
1077 4425 1160 4476 bis
1186 4430 1234 4476 4.
1349 4429 1377 4475 3
1402 4421 1627 4492 θεσπεγιῆ
1654 4430 1702 4475 4.
1802 4427 1834 4474 4
1861 4417 2029 4492 ὁρόασ’
2059 4427 2105 4471 2.
2218 4419 2247 4468 5
2269 4413 2469 4477 ἄλλυσις
2495 4421 2545 4468 4·

241 4505 270 4554 6
306 4506 514 4571 Quintus
553 4514 847 4581 Smyrnaeus
887 4514 966 4566 ed.
1008 4514 1219 4586 Kochly
1257 4513 1380 4585 Lpz.
1427 4515 1576 4577 1850,
1617 4513 1729 4578 VII,
1770 4515 1834 4562 70
1873 4511 1957 4563 bis
1997 4514 2077 4560 77.
