2950 5042
1520 402 1643 469 196

417 595 536 662 (133
598 592 981 661 kaiserliche
1049 563 1354 675 mandat,
1414 593 1535 660 das
1604 593 1839 660 beiden
1894 593 2191 677 parteien
2252 595 2718 680 stillschweigen

413 700 734 785 auferlegt
779 699 909 766 und
955 699 1207 766 fordert
1252 698 1362 764 ihn
1408 700 1546 765 auf:
1599 700 1696 765 Tu
1742 698 1863 765 hoc
1896 698 2172 765 Caesaris
2203 701 2569 767 mandatum
2610 702 2717 782 fae,

413 812 487 871 ut
541 828 660 891 pro
718 806 946 875 rostris
1009 804 1338 891 publicum
1400 804 1533 871 fiat.
1630 806 1727 870 Ex
1784 804 2144 889 Stuttgard,
2212 811 2312 871 11.
2375 806 2507 871 Gal.
2563 806 2717 893 Sept.

415 934 472 977 a.
525 916 715 977 1513.

589 1020 917 1081 Handschr.
972 1020 1152 1079 Mut.s
1183 1017 1500 1081 briefmscr.
1544 1038 1669 1081 nro.
1728 1022 1883 1096 188,
1942 1018 2040 1081 fol.
2083 1015 2273 1093 133b3
2320 1021 2615 1096 gedruckt:
2645 1040 2717 1075 =

414 1122 670 1200 Tentzel,
703 1128 892 1201 suppl.
925 1127 1057 1187 hist.
1093 1126 1251 1201 goth.
1284 1143 1331 1185 s.
1372 1126 1495 1185 115
1530 1123 1607 1201 fg.

1453 1342 1698 1409 CLXX.

554 1434 827 1499 stuttgart.
2229 1431 2291 1479 31
2339 1430 2475 1494 Aug.
2523 1428 2663 1477 1513.

410 1520 514 1595 M.
559 1520 880 1621 Georgio
907 1518 1294 1620 Spalatino
1324 1520 1370 1615 1,
1410 1518 1573 1593 viro
1602 1518 2073 1593 disertissimo
2100 1517 2373 1593 ducum
2399 1516 2721 1593 Saxoniae

409 1644 902 1719 literatissimo
927 1642 1389 1743 phrontistae,
1413 1642 1654 1717 amico
1674 1669 1805 1716 suo
1824 1641 2361 1717 colendissimo,
2390 1640 2473 1743 [J
2475 1662 2723 1713 oannes

1211 1764 1606 1867 Reuchlin]
1658 1792 1715 1839 3.
1760 1765 1831 1841 d.
1871 1794 1945 1867 p.

591 1931 799 2009 Quom
846 1931 1058 1998 omnia
1105 1930 1169 1995 in
1218 1934 1284 1995 te
1329 1929 1873 2014 amplissimarum
1921 1928 2233 1994 virtutum
2290 1933 2553 1994 tuarum
2599 1944 2721 2011 quae

413 2034 478 2099 in
542 2056 676 2100 rem
738 2058 949 2101 meam
1022 2036 1153 2101 sint
1222 2035 1547 2120 praeconia
1606 2056 1856 2101 mecum
1924 2033 2065 2118 ipse
2132 2055 2469 2115 recenseo,
2550 2032 2725 2097 diser-

413 2140 660 2205 tissime
709 2140 962 2223 Georgi,
1009 2141 1224 2207 nescio
1273 2140 1427 2225 quid
1462 2140 1565 2206 cui
1595 2138 1956 2224 praeferam,
2002 2138 2159 2204 nihil
2190 2139 2483 2221 inferius,
2531 2136 2723 2203 omnia

411 2267 679 2325 summa,
726 2246 1003 2331 primum
1053 2246 1334 2317 eruditio
1400 2252 1467 2312 et
1513 2236 1878 2330 disciplina,
1924 2244 2157 2311 deinde
2203 2245 2440 2329 ingenii
2489 2244 2585 2309 tui
2626 2241 2720 2306 bo-

408 2350 578 2415 nitas
627 2357 694 2417 et
739 2352 1016 2417 altitudo
1063 2352 1279 2432 animi,
1325 2358 1465 2417 tum
1521 2350 2130 2416 benevolentissima
2188 2350 2559 2415 humanitas
2614 2366 2722 2431 qua

410 2478 511 2521 me
571 2458 1006 2541 prosequeris,
1068 2457 1184 2523 sed
1238 2463 1388 2542 post
1442 2457 1842 2541 voluptatem
1890 2478 2084 2541 quam
2132 2476 2211 2522 ex
2258 2454 2389 2520 tuis
2430 2452 2720 2535 ‚laudibus

407 2561 697 2645 concipio
752 2562 911 2627 nihil
968 2563 1125 2627 mihi
1170 2563 1395 2629 utilius
1440 2564 1507 2627 in
1553 2564 1904 2647 praesentia
1950 2562 2288 2641 succurrit,
2336 2582 2534 2645 quam
2578 2556 2722 2623 refe-

405 2667 623 2732 rendae
682 2668 907 2752 gratiae
951 2666 1408 2733 liberalissima
1453 2668 1751 2734 voluntas
1798 2672 1949 2744 tua,
2009 2668 2117 2751 qui
2180 2666 2277 2732 de
2314 2687 2420 2731 me
2481 2671 2611 2730 tam
2651 2661 2715 2727 li-

404 2770 652 2852 benter,
712 2781 846 2839 tam
894 2774 1118 2853 amice,
1163 2779 1299 2838 tam
1349 2768 1650 2853 efflictim,
1697 2778 1836 2839 tam
1902 2771 2249 2839 honorifice
2298 2771 2384 2837 ad
2432 2772 2720 2855 inclytum

401 2876 632 2943 ducem
666 2878 692 2916 ²
739 2885 806 2944 et
850 2880 1027 2963 apud
1072 2878 1334 2945 intimos
1365 2879 1798 2945 cubicularios
1830 2900 2188 2944 sermonem
2220 2877 2554 2956 habueris,
2599 2874 2721 2941 3013.

401 2983 852 3049 recordatione
899 2986 1139 3051 amoris
1187 3006 1340 3069 erga
1384 2990 1452 3051 te
1485 2985 1629 3065 mei,
1676 2984 1849 3070 quod
1880 2983 2148 3069 perinde
2180 2988 2378 3067 atque
2412 2981 2719 3067 peculiare

403 3089 783 3171 gratitudini
831 3089 1112 3157 dandum
1163 3097 1280 3157 est.
2188 3114 2193 3118 ·

579 3194 765 3259 Unde
827 3196 1036 3262 oritur
1090 3196 1204 3261 illa
1258 3195 1490 3261 nobilis
1536 3195 1955 3261 illustrissimi
2002 3195 2311 3280 principis
2360 3190 2717 3267 consolatiO,

399 3319 530 3383 qua
575 3320 677 3364 me
725 3301 1072 3381 confortat,
1119 3302 1184 3365 in
1231 3300 1791 3367 turbulentissimo
1846 3300 2262 3366 adversitatis
2316 3320 2479 3364 111333
2540 3302 2717 3373 statu,
2764 3297 2775 3304 ’

397 3403 498 3469 1113
547 3403 758 3475 verbis
811 3406 872 3470 ³:
947 3406 1068 3486 „So
1132 3407 1221 3472 ist
1285 3428 1527 3472 unnser
1572 3405 1933 3490 begerung,
2002 3407 2070 3471 Ir
2137 3405 2357 3471 wellet
2402 3425 2569 3470 unns
2613 3401 2713 3467 des

399 3508 600 3574 durch
660 3520 828 3576 ewer
889 3512 1208 3597 schrybcn
1253 3511 1623 3591 berichten,
1672 3534 1743 3578 so
1790 3511 2015 3577 wellen
2069 3511 2187 3576 wir
2246 3531 2413 3575 unns
2476 3501 2719 3573 darauff

397 3635 468 3679 so
516 3615 603 3680 vil
651 3617 788 3682 sich
833 3618 954 3683 mit
1012 3618 1230 3683 ichten
1276 3617 1489 3683 leiden
1554 3618 1674 3697 wil,
1722 3639 1891 3683 ewer
1935 3616 2066 3681 bitt
2108 3613 2306 3695 nach,
2365 3608 2711 3699 guediglich

397 3720 518 3785 dar
563 3720 762 3787 Innen
808 3742 1008 3807 gegen
1057 3723 1217 3788 euch
1267 3723 1589 3807 erzeigen,
1656 3722 1827 3787 dann
1885 3720 2047 3787 euch
2110 3720 2230 3784 mit
2290 3718 2544 3803 gnaden
2588 3712 2716 3781 sind

392 3826 507 3907 wir
551 3834 740 3911 gantz
773 3830 1091 3913 geneigt“,
1141 3829 1316 3915 quod
1345 3828 1541 3913 plane
1580 3830 1905 3913 ingentem
1936 3824 2714 3905 munificentissimumque

1540 3974 1575 4013 ²1³

537 4084 558 4128 1
604 4062 746 4131 iiber
794 4079 1030 4146 spalatin
1091 4080 1198 4147 νει.
1259 4079 1506 4145 Schlegel
1576 4080 1699 4129 hist.
1758 4079 1878 4129 vitae
1932 4078 1993 4128 G.
2032 4076 2313 4144 spalatini,
2364 4076 2513 4125 Jenae
2562 4072 2709 4137 1793;

386 4166 439 4215 J.
481 4167 736 4233 Wagner:
777 4170 838 4219 G.
881 4168 1117 4236 Spalatin
1155 4169 1262 4219 und
1303 4168 1388 4219 die
1425 4169 1517 4219 ref.
1558 4168 1650 4218 der
1686 4167 1905 4217 kirchen
1946 4166 2051 4217 und
2091 4164 2314 4216 schulen
2352 4166 2407 4214 in
2434 4160 2709 4221 Altenburg

393 4255 554 4320 18303
596 4255 882 4307 besonders
918 4257 1224 4309 Neudecker
1261 4255 1370 4307 und
1407 4256 1635 4307 Preller:
1686 4256 1748 4305 G.
1789 4255 2055 4321 Spalatins
2100 4252 2445 4303 historischer
2479 4246 2706 4300 nacblass

389 4341 495 4390 und
533 4343 714 4409 briefe,
756 4344 895 4395 Jena
952 4348 1103 4397 1851.
1250 4350 1278 4396 2
1323 4344 1541 4412 Ducem]
1591 4343 1861 4395 Friedrich
1912 4358 2016 4396 von
2068 4342 2317 4392 Sachsen.
2462 4341 2491 4387 3
2530 4338 2707 4386 Ausser

387 4428 486 4477 den
529 4430 642 4481 hier
678 4433 1023 4497 augeffihrten
1061 4440 1255 4485 werten
1295 4436 1365 4485 ist
1401 4450 1506 4484 von
1543 4431 1660 4483 dem
1684 4430 1850 4485 briefe
1888 4432 1981 4483 des
2006 4432 2229 4497 herzog-s
2264 4429 2438 4479 nichts
2474 4424 2701 4477 bekannt.

392 4516 490 4582 Vgl
547 4533 656 4569 nro.
698 4520 965 4569 CLXVIII
1001 4522 1106 4571 und
1145 4530 1304 4573 unten
1343 4538 1384 4573 3.
1431 4522 1547 4571 197.
