2950 5042
1278 375 1403 442 351

178 573 385 632 tamen
450 565 849 632 necessarias
909 567 991 632 ad
1050 566 1453 652 probandum
1517 587 1656 653 quoe
1715 565 1801 654 (si
1861 565 2212 652 separatim
2259 587 2337 632 ac
2383 565 2509 632 sin-

25 681 28 752 ?
175 671 319 755 gula
377 671 677 738 dicantur
732 669 999 738 infirmae
1058 673 1213 752 sint,
1275 695 1420 739 eum
1479 673 1733 739 caeteris
1788 673 2146 758 conjunctae
2191 669 2392 738 firmae
2439 677 2509 738 et

176 775 542 861 probabiles
588 775 778 858 fiunt)
827 779 1153 864 interponi
1199 779 1264 845 in
1308 780 1526 846 medio
1573 786 1641 846 et
1686 777 1990 845 collocari
2036 783 2314 862 oportet.

23 955 25 972 ἰ
348 883 621 964 Dareus,
677 884 796 949 mit
840 883 1179 952 derselben
1230 885 1403 953 hand
1450 885 1573 951 auf
1613 883 1954 952 dex-selben
2001 883 2162 950 seite
2209 882 2507 968 folgende

23 989 26 1108 ᾗ
172 987 382 1056 kleine
430 989 717 1056 echerze:

312 1144 369 1195 Si
408 1143 603 1206 vincis,
642 1144 837 1195 teneri·
874 1161 937 1196 ex
974 1151 1130 1211 pacto
1163 1146 1203 1208 ’ς
1246 1145 1293 1198 si
1330 1145 1556 1198 vinceris
1593 1147 1786 1198 teneris
1824 1163 1888 1198 ex
1924 1145 2201 1198 sententia.

312 1231 369 1284 Si
406 1232 589 1298 vinco,
626 1247 735 1284 non
772 1237 955 1284 teneor
990 1249 1054 1284 ex
1092 1234 1354 1286 sententia
1398 1233 1445 1296 ²3
1483 1235 1529 1285 ui
1568 1233 1754 1285 vincor
1789 1249 1898 1284 non
1936 1239 2116 1285 teneor
2152 1251 2214 1284 ex
2251 1241 2425 1303 paeto.

315 1321 372 1371 Si
410 1320 558 1375 ducis
594 1319 867 1387 pulchram
883 1358 896 1383 ,
937 1319 1087 1372 ducis
1124 1337 1321 1385 curam,

317 1409 373 1460 si
409 1407 559 1459 ducis
597 1407 909 1470 difformem,
946 1406 1095 1459 ducis
1134 1423 1357 1476 poenam,

312 1494 567 1547 Ducenda
603 1495 770 1562 igitur
805 1510 942 1547 uxor
978 1512 1084 1548 non
1124 1503 1220 1548 est.

314 1585 371 1635 si
407 1583 542 1636 duco
579 1583 881 1650 pulchram,
921 1600 1029 1635 non
1067 1583 1202 1636 duco
1240 1600 1462 1653 menam,

314 1672 373 1723 Si
412 1670 701 1724 difformem
718 1709 733 1736 ,
770 1688 878 1723 non
912 1673 1049 1724 duco
1088 1689 1283 1738 curam,

313 1760 567 1812 Ducenda
604 1765 683 1812 eet
721 1760 884 1828 igitur
922 1777 1077 1813 uxor.

350 1889 487 1956 Auf
520 1895 557 1956 3
590 1890 934 1975 folgenden
981 1891 1189 1957 seiten
1234 1890 1476 1958 anrede
1508 1891 1626 1958 der
1655 1891 2158 1960 verschiedenen
2189 1911 2510 1977 personen

173 1995 311 2063 und
354 1995 655 2077 wiirden,
699 1997 1069 2083 anfangend
1114 1998 1233 2063 mit
1276 2018 1477 2082 papa,
1525 2018 1647 2063 von
1694 1997 1974 2064 anderer
2017 1995 2212 2062 hand.

350 2106 604 2167 Hdschr.
638 2107 723 2168 St.
758 2105 986 2167 Gallen.
1048 2107 1199 2208 Yad.
1235 2106 1371 2168 bibl.
1407 2125 1537 2167 nro.
1577 2109 1732 2181 569;
1777 2123 2031 2184 unpagg.
2069 2103 2196 2179 5²l2
2231 2105 2329 2166 bu.

1158 2367 1514 2436 xxxva-².

310 2489 625 2556 (wilelmi.)
1938 2491 2028 2557 (ιι
2070 2491 2210 2556 Sept.
2257 2490 2433 2554 1492.)

165 2611 535 2712 AEnigma
547 2612 599 2686 J
600 2610 865 2684 oannis
875 2610 1240 2686 Reuehlin
1253 2611 1345 2684 In
1357 2610 1696 2684 Thermis
1711 2609 2078 2684 Herciniis
2089 2635 2136 2683 a
2145 2607 2508 2710 Nympha

164 2735 706 2836 speciosissima
741 2733 1099 2808 oblatum.
1154 2733 1255 2832 iij.
1307 2732 1406 2806 id.
1451 2732 1649 2834 Sept.
1693 2759 1890 2806 anno
1929 2729 2499 2806 MOCOOXOII.

456 2923 597 2974 Inter
634 2922 1028 2990 Hamadryadas
1044 2961 1057 2987 ,
1095 2927 1147 2972 et
1185 2921 1351 2988 aprici
1386 2937 1584 2989 pascua
1618 2921 1802 2985 saltus,

564 3012 702 3062 Dum
740 3011 965 3078 spatior,
1003 3010 1159 3062 turba
1197 3027 1277 3061 me
1313 3009 1599 3061 comitante
1635 3025 1764 3074 mea,

459 3099 650 3168 Cespes
688 3105 828 3162 erat,
864 3097 1125 3164 viridique
1162 3116 1257 3150 suo
1298 3097 1361 3150 de
1395 3098 1633 3166 gramine
1667 3111 1884 3166 campus

564 3189 683 3238 Illic
718 3189 834 3238 visa
872 3188 975 3238 fuit
1010 3186 1208 3239 nobilis
1245 3187 1463 3254 effigies.

464 3277 831 3344 Obstupuique
868 3275 1051 3326 videns
1087 3274 1295 3326 blandae
1333 3274 1618 3326 simulacra
1651 3274 1850 3340 figurae.

564 3366 695 3416 Nam
732 3379 829 3415 nee
862 3370 1011 3414 erant
1046 3363 1323 3426 Lemures,
1364 3377 1461 3414 nec
1497 3361 1581 3413 vel
1619 3361 1794 3430 imago
1831 3375 2042 3413 nocens.

462 3452 558 3506 Sed
596 3451 755 3504 simul
790 3451 857 3502 ad
894 3452 1117 3514 font-em,
1158 3465 1262 3517 quo
1301 3466 1438 3516 eaepe
1473 3451 1650 3500 lavare
1688 3448 1936 3510 nolebam,

565 3541 653 3603 Se,
694 3539 823 3590 mihi
860 3538 1036 3591 nescio
1073 3537 1227 3604 quid,
1267 3537 1461 3588 obtulit
1499 3537 1636 3587 inter
1672 3549 1855 3601 aquae.

460 3629 701 3694 Dumque
738 3628 905 3678 redire
942 3627 1155 3679 domum
1192 3641 1440 3693 propero,
1480 3624 1734 3675 comitata
1767 3622 1974 3690 puellis,

562 3716 702 3779 Hoc,
743 3715 884 3780 quod
924 3714 1099 3766 nescio
1138 3713 1289 3780 quid,
1330 3729 1384 3764 ee
1416 3709 1562 3762 dedit
1598 3717 1650 3763 et
1686 3709 1947 3762 comitem.

456 3803 683 3869 Jamque
719 3803 1022 3865 videbatur,
1062 3819 1184 3853 mox
1222 3817 1278 3852 ee
1313 3807 1434 3868 post
1470 3815 1600 3851 saxa
1635 3797 1886 3851 recondit.

563 3892 715 3942 Nunc
754 3891 922 3941 visum
960 3899 1038 3941 est
1074 3891 1255 3957 longe,
1294 3905 1437 3940 nunc
1472 3903 1635 3956 prope
1671 3887 1851 3940 adesso
1889 3888 2035 3941 mihi.

458 3966 697 4045 Denique
732 3984 955 4030 conatur
991 3977 1158 4028 oculis
1199 3976 1419 4028 illudere
1455 3977 1668 4040 nostrie,

565 4067 633 4118 Et
667 4066 821 4118 lateri
856 4072 1038 4117 nostro
1078 4067 1300 4133 jungere
1336 4066 1473 4116 forte
1511 4065 1666 4115 latus.

460 4155 601 4219 Quin
638 4156 802 4206 eciam
840 4153 1044 4205 studuit
1080 4167 1283 4204 mecum
1325 4151 1670 4204 concumbere
1704 4151 1857 4203 lecto,

561 4241 932 4308 Nudatumqne
970 4241 1119 4292 salax
1158 4255 1441 4308 exuperare
1477 4240 1707 4292 thorum.

1330 4394 1365 4433 a

334 4493 355 4539 1
400 4488 499 4539 Am
542 4488 675 4539 rand
712 4489 785 4540 M.
826 4485 1201 4553 Prothagom.
1349 4489 1377 4534 2
1420 4484 1519 4534 Am
1558 4481 1687 4534 rand
1725 4481 2006 4542 Euathluu.
