2950 5042
1549 359 1636 426 56

428 576 538 623 ras
558 556 580 594 ¹
627 555 877 620 vestras
905 547 1392 630 eruditissimae,
1419 570 1500 615 ex
1524 549 1780 635 quibus,
1805 550 2097 636 quamvis
2122 571 2266 620 cum
2290 547 2607 636 singulari
2640 549 2763 619 ele-

431 659 671 744 gantia,
712 656 1145 723 intelleximus
1175 660 1396 722 tamen
1428 677 1619 722 curas
1652 663 1719 723 et
1750 656 2216 724 sollicitudines
2262 663 2541 738 vestras,
2600 678 2763 744 quas

432 763 878 832 obabsentiam
915 767 1204 827 nostram
1235 763 1634 846 suscepistis.
1697 763 2005 829 Dolemus
2038 770 2213 829 certe
2245 785 2382 830 rem
2414 764 2510 830 ita
2554 785 2625 830 se
2654 763 2768 830 ha-

427 870 614 950 bere;
673 890 895 936 verum
941 890 1088 934 cum
1135 868 1231 933 ita
1277 868 1390 948 sit,
1446 867 1821 934 necessitati
1867 869 2180 952 temporis
2226 890 2340 935 vos
2384 868 2767 936 accomoda-

432 975 608 1041 bitis.
697 975 1027 1057 PrincepS‚
1076 978 1150 1039 ut
1197 995 1276 1036 ex
1307 971 1519 1038 literis
1550 974 1625 1037 D.
1674 995 1805 1038 suae
1854 973 1939 1038 ad
1987 995 2105 1040 nos
2150 973 2372 1040 videre
2403 974 2710 1060 potuistis
2742 976 2769 1016 ²

437 1101 609 1165 saepe
667 1101 736 1145 se
801 1080 1102 1146 celeriter
1168 1079 1474 1143 nuncium
1546 1064 1891 1144 missurum
1954 1078 2321 1144 affirmavit.
2414 1080 2633 1158 Quare
2676 1080 2771 1146 nil

435 1185 626 1252 nobis
670 1184 1122 1268 imputandum
1169 1189 1290 1264 est,
1336 1184 1490 1267 quia
1551 1190 1805 1269 tempus
1852 1185 2354 1268 expectavimus.
2443 1186 2679 1252 Petitis
2728 1207 2770 1252 a

435 1291 624 1358 nobis
673 1288 1027 1356 consilium.
1121 1289 1207 1354 At
1253 1288 1439 1374 quale
1498 1289 1566 1354 in
1612 1289 1807 1357 rebus
1872 1296 2009 1356 tam
2056 1290 2277 1358 arduis
2336 1296 2403 1357 et
2448 1292 2586 1359 viro
2622 1291 2773 1358 doc-

433 1396 687 1463 tissimo
749 1395 1242 1461 subministrare
1290 1397 1705 1484 possumus?
1819 1396 2360 1482 Exploratissima
2422 1403 2526 1464 est
2586 1397 2772 1464 vobis

437 1524 620 1568 mens
667 1502 977 1587 principis
1027 1507 1093 1567 et
1125 1521 1267 1586 quae
1299 1500 1488 1566 nobis
1522 1502 1783 1586 scripsit
1826 1502 1999 1568 clare
2031 1503 2313 1584 vidistis,
2358 1503 2426 1568 in
2468 1503 2652 1570 nulla
2700 1525 2773 1572 re

437 1614 720 1674 mentem
768 1606 1165 1674 excellentiae
1197 1627 1329 1671 suae
1359 1608 1755 1690 transgressi
1784 1630 2004 1674 sumus
2035 1614 2103 1676 et
2151 1629 2296 1675 cum
2334 1608 2651 1693 singulari
2682 1609 2775 1676 di-

437 1712 708 1798 ligentia
769 1712 931 1779 fines
992 1712 1450 1778 mandatorum
1512 1734 1774 1779 suorum
1839 1714 2264 1796 servavimus,
2332 1714 2427 1780 ita
2474 1721 2541 1780 et
2586 1715 2775 1782 nobis

437 1819 757 1905 agendum
806 1819 948 1899 erit,
995 1839 1101 1884 res
1147 1817 1366 1883 arduae
1415 1824 1595 1899 sunt,
1643 1824 1711 1884 et
1742 1840 1859 1886 nos
1906 1819 2212 1886 absentes
2258 1842 2386 1887 non
2430 1841 2776 1904 possumus

440 1927 506 1991 in
552 1925 677 1990 hac
725 1922 1073 1990 solitudine
1120 1922 1440 2004 divinare,
1489 1945 1633 2008 quae
1693 1925 1895 1990 menti
1958 1924 2281 2010 pontificis
2341 1928 2418 1991 D.
2478 1945 2778 1994 reveren-

441 2029 691 2095 dissimi
751 2028 1102 2094 Alexandri
1171 2029 1197 2067 ⁸
1261 2033 1775 2114 caeterorumque
1848 2031 2065 2096 insint.
2172 2033 2248 2097 D.
2311 2031 2779 2112 Bernardinus,

443 2135 705 2214 auditor
734 2139 974 2214 noster,
1021 2134 1172 2199 siin
1203 2134 1497 2220 aliquare
1542 2136 1723 2201 utilis
1772 2137 1896 2201 erit
1944 2137 2125 2203 vobis
2148 2138 2455 2214 assistet.
2523 2137 2777 2205 Valete.

441 2243 542 2310 Ex
588 2239 865 2320 Balneis,
913 2240 1123 2305 sancti
1168 2239 1447 2325 Philippi
1497 2241 1603 2306 die
1650 2241 2204 2326 decimaseptima,
2225 2243 2420 2323 Junii,
2472 2248 2668 2310 1498.

623 2349 946 2409 Gedruckt:
995 2353 1028 2410 1
1073 2371 1152 2402 =
1185 2349 1247 2410 O.
1282 2367 1334 2410 v.
1371 2367 1420 2409 e.
1454 2352 1476 2410 i
1509 2346 1614 2424 2¹³3
1663 2355 1699 2411 2
1736 2374 1821 2404 =
1851 2353 1909 2412 J.
1944 2370 1996 2414 v.
2033 2369 2082 2412 e.
2116 2353 2138 2411 l
2186 2347 2290 2428 4¹03
2342 2356 2377 2413 3
2415 2374 2500 2406 -·-·
2534 2353 2601 2414 G.
2634 2371 2694 2415 v.
2730 2371 2777 2414 e.

443 2456 502 2518 II
531 2455 630 2516 fol.
669 2458 803 2517 682.

1485 2539 1708 2608 LXIV.

581 2627 715 2680 Rom
2552 2635 2713 2685 1498.

529 2717 584 2793 J
585 2665 859 2794 acobus
917 2717 1449 2817 Questemberg
1505 2719 1558 2792 J
1561 2719 1787 2792 oanni
1838 2718 2206 2794 Reuchlin
2258 2721 2687 2819 Phorcensi‚

1055 2841 1350 2916 Oratori
1384 2839 1733 2916 Palatino
1790 2842 2145 2918 Salutem.

622 2962 783 3029 Cum
826 2965 894 3029 in
937 2969 1129 3029 tanta
1170 2963 1500 3029 hominum
1546 2964 1960 3031 multitudine
2006 2972 2139 3047 aut,
2186 2973 2261 3032 ut
2294 2966 2509 3032 verius
2541 2966 2781 3050 dicam,

441 3068 726 3134 omnium
771 3089 974 3152 prope
1021 3068 1312 3152 gentium
1357 3067 1733 3150 colluvione,
1781 3092 1861 3136 ne
1909 3093 2106 3137 unum
2154 3072 2414 3158 quidem
2444 3093 2563 3157 pro
2610 3095 2781 3158 prae-

444 3173 612 3239 senti
675 3175 1062 3240 necestitate
1118 3173 1422 3239 idoneum
1508 3175 1890 3258 scriptorem
1951 3177 2303 3243 invenerim
2362 3199 2574 3264 neque
2620 3163 2798 3246 vero¹

443 3277 640 3343 alium
683 3279 1053 3363 quempium
1083 3279 1395 3346 Bertoldo
1426 3286 1653 3346 nostro
1695 3281 1906 3348 adhuc
1937 3283 2348 3350 febricitante
2392 3284 2480 3349 ad
2511 3306 2779 3352 manum

442 3382 617 3449 domi
675 3383 1043 3469 habuerim,
1129 3386 1238 3469 qui
1295 3386 1655 3452 orationem
1712 3393 1896 3453 tuam
1944 3390 2352 3474 elegantiore
2383 3389 2580 3456 litera
2627 3411 2777 3456 exa-

440 3492 640 3569 raret,
686 3488 754 3553 id
800 3488 976 3573 quod
1020 3496 1093 3554 tu
1139 3490 1442 3586 hesterno
1490 3491 1594 3556 die
1640 3513 1759 3576 per
1808 3495 2147 3577 epistolam
2180 3495 2205 3534 ⁶
2277 3502 2623 3580 tantopere
2688 3498 2779 3564 ef-

1605 3609 1643 3642 -κ-

433 3671 587 3716 unter
621 3666 738 3716 dem
781 3671 970 3716 namen
1009 3668 1134 3717 Pius
1175 3669 1267 3729 ΙΙΙ,
1313 3668 1419 3734 vgl.
1463 3669 1703 3720 Ciaconii
1744 3670 1877 3720 Vitae
1913 3672 2235 3724 Pontificum
2274 3675 2627 3727 Romanorum
2666 3682 2773 3728 etc.

437 3753 489 3804 H
525 3753 626 3804 col.
672 3756 806 3805 1048
845 3755 899 3806 ff.
940 3757 1050 3805 und
1089 3755 1196 3808 vol.
1239 3758 1332 3807 111.

583 3848 606 3891 1
647 3842 847 3908 literas]
890 3844 1075 3895 Dieser
1112 3845 1254 3895 brief
1285 3846 1354 3895 ist
1391 3845 1558 3896 leider
1593 3847 1742 3897 nicht
1787 3847 2046 3899 erhalten:
2096 3849 2354 3901 Reuchlin
2402 3851 2612 3902 scheint
2658 3854 2775 3903 sich

431 3927 520 3978 bei
557 3927 649 3979 der
691 3929 802 3979 ihm
847 3947 967 3981 vom
1012 3933 1342 3984 churft‘irsten
1380 3935 1592 4000 Philipp
1643 3936 2055 4002 aufgetragenen
2102 3938 2504 4004 gesandtschaft
2555 3956 2621 3990 an
2672 3942 2773 3994 den

429 4022 586 4082 papst
622 4017 922 4068 Alexander
961 4021 1031 4070 VI
1067 4022 1122 4069 in
1162 4023 1539 4088 verlegenheit-
1576 4039 1758 4090 wegen
1809 4025 2152 4090 mangelnder
2198 4028 2524 4078 instruktion
2563 4044 2631 4079 an
2671 4030 2772 4080 den

431 4102 668 4154 cardinal
717 4106 914 4170 Franz,
962 4108 1153 4159 dessen
1204 4110 1575 4162 freundschaft
1624 4113 1721 4161 mit
1762 4114 1821 4162 R.
1861 4127 1960 4163 uns
2008 4114 2217 4165 freilich
2257 4116 2438 4167 weiter
2485 4118 2634 4169 nicht
2683 4121 2771 4172 bo-

429 4197 591 4256 zeugt
625 4193 710 4257 ist,
755 4209 841 4244 um
878 4195 994 4245 rath
1032 4198 1306 4261 gewendet
1343 4214 1409 4248 zu
1447 4199 1636 4250 haben.
1704 4200 1840 4248 Dass
1867 4201 1925 4250 R.
1964 4201 2035 4250 im
2062 4201 2178 4252 Juli
2212 4205 2345 4254 1499
2384 4205 2437 4252 in
2476 4206 2607 4257 Rom
2646 4223 2771 4271 war,

430 4277 654 4329 darflber
691 4282 798 4346 vgl.
839 4281 922 4331 die
960 4283 1218 4335 Reuchlin
1258 4301 1300 4336 s.
1341 4290 1406 4335 47
1452 4303 1501 4336 a.
1536 4286 1889 4353 mitgetheilte
1926 4290 2089 4340 notis.
2202 4295 2229 4340 2
2271 4294 2495 4358 potuisti
2536 4299 2584 4346 2.
2625 4298 2769 4346 Prin-

429 4365 571 4438 ceps]
610 4367 873 4419 churft'irst
922 4370 1130 4438 Philipp
1181 4373 1264 4440 D.]
1315 4375 1723 4426 nominationis.
1860 4379 1890 4424 3
1930 4377 2279 4428 Alexandrini
2318 4385 2365 4430 2.
2498 4387 2533 4432 4
2570 4385 2767 4436 M.D11.

429 4455 476 4509 2.
505 4455 575 4509 3.’
659 4455 691 4502 5
731 4457 904 4510 Wann
929 4458 1184 4518 Reucblin
1222 4477 1327 4520 von
1352 4462 1483 4520 Rom
1518 4463 1654 4522 nach
1680 4463 2007 4545 Heidelberg
2045 4465 2449 4542 zunfiokkehrto,
2488 4470 2626 4534 Inest
2652 4473 2765 4534 sich
