<?xml version="1.0" encoding="UTF-8"?>
<!DOCTYPE html PUBLIC "-//W3C//DTD XHTML 1.0 Transitional//EN"
    "http://www.w3.org/TR/xhtml1/DTD/xhtml1-transitional.dtd">
<html xmlns="http://www.w3.org/1999/xhtml" xml:lang="en" lang="en">
 <head>
  <title>
</title>
<meta http-equiv="Content-Type" content="text/html;charset=utf-8" />
  <meta name='ocr-system' content='tesseract 3.04.00' />
  <meta name='ocr-capabilities' content='ocr_page ocr_carea ocr_par ocr_line ocrx_word'/>
</head>
<body>
  <div class='ocr_page' id='page_1' title='image "./johannreuchlins00geiggoog/johannreuchlins00geiggoog_0089.png"; bbox 0 0 2950 5042; ppageno 0'>
   <div class='ocr_carea' id='block_1_1' title="bbox 1257 409 1338 478">
    <p class='ocr_par' dir='ltr' id='par_1_1' title="bbox 1257 409 1338 478">
     <span class='ocr_line' id='line_1_1' title="bbox 1257 409 1338 478; baseline -0.025 0"><span class='ocrx_word' id='word_1_1' title='bbox 1257 409 1338 478; x_wconf 82' lang='lat'>79</span> 
     </span>
    </p>
   </div>
   <div class='ocr_carea' id='block_1_2' title="bbox 173 599 2479 1213">
    <p class='ocr_par' dir='ltr' id='par_1_2' title="bbox 173 599 2479 1118">
     <span class='ocr_line' id='line_1_2' title="bbox 178 599 2466 689; baseline 0 -19"><span class='ocrx_word' id='word_1_2' title='bbox 178 603 344 684; x_wconf 72' lang='lat' dir='ltr'>habe,</span> <span class='ocrx_word' id='word_1_3' title='bbox 389 603 531 672; x_wconf 83' lang='lat' dir='ltr'>dass</span> <span class='ocrx_word' id='word_1_4' title='bbox 589 627 661 671; x_wconf 83' lang='lat' dir='ltr'>er</span> <span class='ocrx_word' id='word_1_5' title='bbox 703 603 1122 672; x_wconf 79' lang='lat' dir='ltr'>nachrichten</span> <span class='ocrx_word' id='word_1_6' title='bbox 1169 623 1292 670; x_wconf 81' lang='lat' dir='ltr'>von</span> <span class='ocrx_word' id='word_1_7' title='bbox 1341 599 1467 670; x_wconf 88' lang='lat' dir='ltr'>R’s.</span> <span class='ocrx_word' id='word_1_8' title='bbox 1516 600 1667 668; x_wconf 72' lang='lat' dir='ltr'>tecle</span> <span class='ocrx_word' id='word_1_9' title='bbox 1715 601 2117 689; x_wconf 60' lang='lat' dir='ltr'>wida-Ieme,</span> <span class='ocrx_word' id='word_1_10' title='bbox 2164 601 2269 672; x_wconf 77' lang='lat' dir='ltr'>die</span> <span class='ocrx_word' id='word_1_11' title='bbox 2318 601 2466 670; x_wconf 80' lang='lat' dir='ltr'>vin-</span> 
     </span>
     <span class='ocr_line' id='line_1_3' title="bbox 176 707 2463 794; baseline -0 -17"><span class='ocrx_word' id='word_1_12' title='bbox 176 712 386 778; x_wconf 82' lang='lat' dir='ltr'>centius</span> <span class='ocrx_word' id='word_1_13' title='bbox 432 711 604 778; x_wconf 86' lang='lat' dir='ltr'>Wolf</span> <span class='ocrx_word' id='word_1_14' title='bbox 641 712 704 776; x_wconf 92' lang='lat' dir='ltr'>in</span> <span class='ocrx_word' id='word_1_15' title='bbox 756 710 1141 794; x_wconf 78' lang='lat' dir='ltr'>Strassburg</span> <span class='ocrx_word' id='word_1_16' title='bbox 1183 707 1546 774; x_wconf 77' lang='lat' dir='ltr'>vorbreitet</span> <span class='ocrx_word' id='word_1_17' title='bbox 1602 707 1791 776; x_wconf 75' lang='lat' dir='ltr'>habe.</span> <span class='ocrx_word' id='word_1_18' title='bbox 1884 709 1974 776; x_wconf 87' lang='lat' dir='ltr'>Er</span> <span class='ocrx_word' id='word_1_19' title='bbox 2028 708 2239 776; x_wconf 80' lang='lat' dir='ltr'>werde</span> <span class='ocrx_word' id='word_1_20' title='bbox 2286 710 2463 776; x_wconf 77' lang='lat' dir='ltr'>seius</span> 
     </span>
     <span class='ocr_line' id='line_1_4' title="bbox 174 812 2465 902; baseline 0 -23"><span class='ocrx_word' id='word_1_21' title='bbox 174 816 614 900; x_wconf 78' lang='lat' dir='ltr'>angelegenheit</span> <span class='ocrx_word' id='word_1_22' title='bbox 661 817 1000 902; x_wconf 70' lang='lat' dir='ltr'>moglichst</span> <span class='ocrx_word' id='word_1_23' title='bbox 1033 814 1296 882; x_wconf 69' lang='lat' dir='ltr'>fordern</span> <span class='ocrx_word' id='word_1_24' title='bbox 1333 814 1464 882; x_wconf 86' lang='lat' dir='ltr'>und</span> <span class='ocrx_word' id='word_1_25' title='bbox 1499 812 1664 880; x_wconf 80' lang='lat' dir='ltr'>bitte</span> <span class='ocrx_word' id='word_1_26' title='bbox 1695 813 1826 894; x_wconf 82' lang='lat' dir='ltr'>ihu,</span> <span class='ocrx_word' id='word_1_27' title='bbox 1874 813 2077 880; x_wconf 86' lang='lat' dir='ltr'><strong>durch</strong></span> <span class='ocrx_word' id='word_1_28' title='bbox 2110 816 2235 882; x_wconf 89' lang='lat' dir='ltr'>den</span> <span class='ocrx_word' id='word_1_29' title='bbox 2266 813 2465 882; x_wconf 82' lang='lat' dir='ltr'>boten</span> 
     </span>
     <span class='ocr_line' id='line_1_5' title="bbox 173 919 2465 1002; baseline -0 -15"><span class='ocrx_word' id='word_1_30' title='bbox 173 921 254 987; x_wconf 89' lang='lat' dir='ltr'>‹lie</span> <span class='ocrx_word' id='word_1_31' title='bbox 293 923 462 988; x_wconf 89' lang='lat' dir='ltr'>Bulle</span> <span class='ocrx_word' id='word_1_32' title='bbox 507 945 584 988; x_wconf 86' lang='lat' dir='ltr'>zu</span> <span class='ocrx_word' id='word_1_33' title='bbox 634 922 1072 1002; x_wconf 83' lang='lat' dir='ltr'>iibersenden‚</span> <span class='ocrx_word' id='word_1_34' title='bbox 1135 919 1240 987; x_wconf 86' lang='lat' dir='ltr'>die</span> <span class='ocrx_word' id='word_1_35' title='bbox 1299 919 1418 986; x_wconf 87' lang='lat' dir='ltr'>der</span> <span class='ocrx_word' id='word_1_36' title='bbox 1463 920 1629 987; x_wconf 86' lang='lat' dir='ltr'>dom.</span> <span class='ocrx_word' id='word_1_37' title='bbox 1679 941 1881 987; x_wconf 83' lang='lat' dir='ltr'>rever.</span> <span class='ocrx_word' id='word_1_38' title='bbox 1930 920 2063 987; x_wconf 87' lang='lat' dir='ltr'>ihm</span> <span class='ocrx_word' id='word_1_39' title='bbox 2106 919 2465 988; x_wconf 82' lang='lat' dir='ltr'>kostenfrei</span> 
     </span>
     <span class='ocr_line' id='line_1_6' title="bbox 175 1025 2479 1118; baseline 0 -26"><span class='ocrx_word' id='word_1_40' title='bbox 175 1027 528 1118; x_wconf 82' lang='lat' dir='ltr'>verschaffen</span> <span class='ocrx_word' id='word_1_41' title='bbox 577 1028 778 1094; x_wconf 82' lang='lat' dir='ltr'>wolle.</span> <span class='ocrx_word' id='word_1_42' title='bbox 873 1029 970 1094; x_wconf 85' lang='lat' dir='ltr'>Ex</span> <span class='ocrx_word' id='word_1_43' title='bbox 1021 1027 1394 1112; x_wconf 61' lang='lat' dir='ltr'>Argentum,</span> <span class='ocrx_word' id='word_1_44' title='bbox 1441 1025 1801 1111; x_wconf 79' lang='lat' dir='ltr'>penultima</span> <span class='ocrx_word' id='word_1_45' title='bbox 1847 1027 2119 1112; x_wconf 77' lang='lat' dir='ltr'><strong>Augusti</strong></span> <span class='ocrx_word' id='word_1_46' title='bbox 2168 1031 2356 1094; x_wconf 75' lang='lat'>1502.</span> <span class='ocrx_word' id='word_1_47' title='bbox 2473 1110 2479 1116; x_wconf 86' lang='lat'>.</span> 
     </span>
    </p>

    <p class='ocr_par' dir='ltr' id='par_1_3' title="bbox 316 1132 2459 1213">
     <span class='ocr_line' id='line_1_7' title="bbox 316 1132 2459 1213; baseline 0 -17"><span class='ocrx_word' id='word_1_48' title='bbox 316 1137 629 1198; x_wconf 85' lang='lat' dir='ltr'>Gedruckt:</span> <span class='ocrx_word' id='word_1_49' title='bbox 691 1145 720 1198; x_wconf 91' lang='grc'>1</span> <span class='ocrx_word' id='word_1_50' title='bbox 761 1158 844 1196; x_wconf 84' lang='grc'>--.·</span> <span class='ocrx_word' id='word_1_51' title='bbox 881 1139 944 1201; x_wconf 89' lang='lat' dir='ltr'>C.</span> <span class='ocrx_word' id='word_1_52' title='bbox 994 1157 1046 1198; x_wconf 87' lang='lat' dir='ltr'>v.</span> <span class='ocrx_word' id='word_1_53' title='bbox 1080 1155 1130 1198; x_wconf 90' lang='lat' dir='ltr'>e.</span> <span class='ocrx_word' id='word_1_54' title='bbox 1165 1132 1221 1196; x_wconf 84' lang='lat' dir='ltr'>ib</span> <span class='ocrx_word' id='word_1_55' title='bbox 1252 1137 1364 1213; x_wconf 79' lang='lat' dir='ltr'>fg.;</span> <span class='ocrx_word' id='word_1_56' title='bbox 1415 1141 1451 1196; x_wconf 86' lang='lat'><strong>2</strong></span> <span class='ocrx_word' id='word_1_57' title='bbox 1491 1158 1575 1192; x_wconf 88' lang='lat'>==</span> <span class='ocrx_word' id='word_1_58' title='bbox 1608 1137 1665 1196; x_wconf 87' lang='lat' dir='ltr'>J.</span> <span class='ocrx_word' id='word_1_59' title='bbox 1712 1155 1765 1198; x_wconf 80' lang='lat' dir='ltr'>v.</span> <span class='ocrx_word' id='word_1_60' title='bbox 1800 1153 1851 1198; x_wconf 87' lang='lat' dir='ltr'>e.</span> <span class='ocrx_word' id='word_1_61' title='bbox 1899 1139 2067 1210; x_wconf 76' lang='lat'>14⁸3</span> <span class='ocrx_word' id='word_1_62' title='bbox 2120 1141 2155 1198; x_wconf 83' lang='lat'>3</span> <span class='ocrx_word' id='word_1_63' title='bbox 2194 1155 2277 1194; x_wconf 84' lang='lat'><strong>=</strong></span> <span class='ocrx_word' id='word_1_64' title='bbox 2310 1135 2375 1197; x_wconf 86' lang='lat'>0.</span> <span class='ocrx_word' id='word_1_65' title='bbox 2406 1151 2459 1198; x_wconf 81' lang='lat' dir='ltr'>v.</span> 
     </span>
    </p>
   </div>
   <div class='ocr_carea' id='block_1_3' title="bbox 174 1239 607 1304">
    <p class='ocr_par' dir='ltr' id='par_1_4' title="bbox 174 1239 607 1304">
     <span class='ocr_line' id='line_1_8' title="bbox 174 1239 607 1304; baseline 0.009 -4"><span class='ocrx_word' id='word_1_66' title='bbox 174 1259 211 1301; x_wconf 85' lang='lat' dir='ltr'>e.</span> <span class='ocrx_word' id='word_1_67' title='bbox 238 1242 284 1300; x_wconf 95' lang='lat' dir='ltr'>II</span> <span class='ocrx_word' id='word_1_68' title='bbox 311 1242 400 1302; x_wconf 76' lang='lat' dir='ltr'>fol.</span> <span class='ocrx_word' id='word_1_69' title='bbox 436 1239 607 1304; x_wconf 74' lang='lat' dir='ltr'>672¹b.</span> 
     </span>
    </p>
   </div>
   <div class='ocr_carea' id='block_1_4' title="bbox 285 1327 2387 1482">
    <p class='ocr_par' dir='ltr' id='par_1_5' title="bbox 285 1327 2387 1482">
     <span class='ocr_line' id='line_1_9' title="bbox 1131 1327 1442 1395; baseline -0.01 -1"><span class='ocrx_word' id='word_1_70' title='bbox 1131 1327 1442 1395; x_wconf 87' lang='lat' dir='ltr'>LXXXV.</span> 
     </span>
     <span class='ocr_line' id='line_1_10' title="bbox 285 1414 2387 1482; baseline 0.001 -16"><span class='ocrx_word' id='word_1_71' title='bbox 285 1416 518 1482; x_wconf 72' lang='lat' dir='ltr'>Venedig.</span> <span class='ocrx_word' id='word_1_72' title='bbox 1827 1421 1893 1468; x_wconf 76' lang='grc'>24</span> <span class='ocrx_word' id='word_1_73' title='bbox 1940 1414 2187 1468; x_wconf 79' lang='lat' dir='ltr'>Deccmb.</span> <span class='ocrx_word' id='word_1_74' title='bbox 2236 1417 2387 1468; x_wconf 65' lang='lat'>1502.</span> 
     </span>
    </p>
   </div>
   <div class='ocr_carea' id='block_1_5' title="bbox 379 1504 2204 1582">
    <p class='ocr_par' dir='ltr' id='par_1_6' title="bbox 379 1504 2204 1582">
     <span class='ocr_line' id='line_1_11' title="bbox 379 1504 2204 1582; baseline 0 -4"><span class='ocrx_word' id='word_1_75' title='bbox 379 1505 621 1580; x_wconf 69' lang='lat' dir='ltr'>Aldus</span> <span class='ocrx_word' id='word_1_76' title='bbox 667 1504 690 1552; x_wconf 78' lang='lat'><strong>¹</strong></span> <span class='ocrx_word' id='word_1_77' title='bbox 729 1505 1107 1582; x_wconf 84' lang='lat' dir='ltr'>Romanus</span> <span class='ocrx_word' id='word_1_78' title='bbox 1147 1505 1430 1581; x_wconf 64' lang='lat' dir='ltr'>«Ioanni</span> <span class='ocrx_word' id='word_1_79' title='bbox 1467 1505 1834 1580; x_wconf 83' lang='lat' dir='ltr'>Reuchlin</span> <span class='ocrx_word' id='word_1_80' title='bbox 1872 1504 2204 1580; x_wconf 83' lang='lat' dir='ltr'>salutem.</span> 
     </span>
    </p>
   </div>
   <div class='ocr_carea' id='block_1_6' title="bbox 155 1626 2465 3498">
    <p class='ocr_par' dir='ltr' id='par_1_7' title="bbox 155 1626 2465 3498">
     <span class='ocr_line' id='line_1_12' title="bbox 307 1626 2457 1712; baseline 0.001 -20"><span class='ocrx_word' id='word_1_81' title='bbox 307 1628 622 1694; x_wconf 77' lang='lat' dir='ltr'>Delectari</span> <span class='ocrx_word' id='word_1_82' title='bbox 657 1635 722 1694; x_wconf 87' lang='lat' dir='ltr'>te</span> <span class='ocrx_word' id='word_1_83' title='bbox 755 1629 1099 1712; x_wconf 81' lang='lat' dir='ltr'>plurimum</span> <span class='ocrx_word' id='word_1_84' title='bbox 1133 1628 1342 1694; x_wconf 85' lang='lat' dir='ltr'>literis</span> <span class='ocrx_word' id='word_1_85' title='bbox 1375 1635 1442 1694; x_wconf 80' lang='lat' dir='ltr'>et</span> <span class='ocrx_word' id='word_1_86' title='bbox 1490 1626 1827 1695; x_wconf 79' lang='lat' dir='ltr'><strong>laboribus</strong></span> <span class='ocrx_word' id='word_1_87' title='bbox 1858 1628 2120 1708; x_wconf 82' lang='lat' dir='ltr'>nostris,</span> <span class='ocrx_word' id='word_1_88' title='bbox 2166 1626 2457 1712; x_wconf 77' lang='lat' dir='ltr'><strong>capnion</strong></span> 
     </span>
     <span class='ocr_line' id='line_1_13' title="bbox 189 1732 2455 1820; baseline 0.002 -25"><span class='ocrx_word' id='word_1_89' title='bbox 189 1733 262 1810; x_wconf 83' lang='lat' dir='ltr'>mi,</span> <span class='ocrx_word' id='word_1_90' title='bbox 280 1735 652 1814; x_wconf 79' lang='lat' dir='ltr'>suavissime,</span> <span class='ocrx_word' id='word_1_91' title='bbox 687 1742 998 1820; x_wconf 76' lang='lat' dir='ltr'>quantum</span> <span class='ocrx_word' id='word_1_92' title='bbox 1016 1735 1158 1820; x_wconf 88' lang='lat' dir='ltr'>ipse</span> <span class='ocrx_word' id='word_1_93' title='bbox 1193 1734 1498 1814; x_wconf 84' lang='lat' dir='ltr'>delecter,</span> <span class='ocrx_word' id='word_1_94' title='bbox 1530 1753 1655 1800; x_wconf 89' lang='lat' dir='ltr'>nou</span> <span class='ocrx_word' id='word_1_95' title='bbox 1673 1732 1862 1798; x_wconf 81' lang='lat' dir='ltr'>facile</span> <span class='ocrx_word' id='word_1_96' title='bbox 1894 1732 2282 1818; x_wconf 78' lang='lat' dir='ltr'>scripserim,</span> <span class='ocrx_word' id='word_1_97' title='bbox 2315 1738 2455 1800; x_wconf 80' lang='lat' dir='ltr'>tum</span> 
     </span>
     <span class='ocr_line' id='line_1_14' title="bbox 191 1837 2462 1926; baseline 0.001 -24"><span class='ocrx_word' id='word_1_98' title='bbox 191 1838 290 1922; x_wconf 81' lang='lat' dir='ltr'>quia</span> <span class='ocrx_word' id='word_1_99' title='bbox 328 1839 727 1926; x_wconf 84' lang='lat' dir='ltr'>principibus</span> <span class='ocrx_word' id='word_1_100' title='bbox 779 1841 802 1879; x_wconf 77' lang='lat'>²</span> <span class='ocrx_word' id='word_1_101' title='bbox 847 1840 1167 1925; x_wconf 78' lang='lat' dir='ltr'>placuisse</span> <span class='ocrx_word' id='word_1_102' title='bbox 1234 1840 1390 1906; x_wconf 84' lang='lat' dir='ltr'>viris</span> <span class='ocrx_word' id='word_1_103' title='bbox 1439 1861 1565 1906; x_wconf 88' lang='lat' dir='ltr'>non</span> <span class='ocrx_word' id='word_1_104' title='bbox 1612 1837 1835 1904; x_wconf 85' lang='lat' dir='ltr'>infima</span> <span class='ocrx_word' id='word_1_105' title='bbox 1878 1837 2021 1904; x_wconf 79' lang='lat' dir='ltr'>laus</span> <span class='ocrx_word' id='word_1_106' title='bbox 2072 1837 2097 1878; x_wconf 80' lang='lat'>⁸</span> <span class='ocrx_word' id='word_1_107' title='bbox 2143 1843 2269 1919; x_wconf 78' lang='lat' dir='ltr'>est,</span> <span class='ocrx_word' id='word_1_108' title='bbox 2318 1843 2462 1906; x_wconf 78' lang='lat' dir='ltr'>tum</span> 
     </span>
     <span class='ocr_line' id='line_1_15' title="bbox 179 1941 2460 2033; baseline 0.002 -28"><span class='ocrx_word' id='word_1_109' title='bbox 179 1944 320 2009; x_wconf 81' lang='lat' dir='ltr'>etiam</span> <span class='ocrx_word' id='word_1_110' title='bbox 369 1948 522 2031; x_wconf 84' lang='lat' dir='ltr'>quia</span> <span class='ocrx_word' id='word_1_111' title='bbox 587 1947 734 2011; x_wconf 80' lang='lat' dir='ltr'>laus</span> <span class='ocrx_word' id='word_1_112' title='bbox 782 1946 908 2012; x_wconf 76' lang='lat' dir='ltr'>ista</span> <span class='ocrx_word' id='word_1_113' title='bbox 955 1947 1260 2033; x_wconf 82' lang='lat' dir='ltr'>quoniam</span> <span class='ocrx_word' id='word_1_114' title='bbox 1307 1967 1348 2012; x_wconf 79' lang='lat' dir='ltr'><strong>a</strong></span> <span class='ocrx_word' id='word_1_115' title='bbox 1393 1953 1458 2011; x_wconf 86' lang='lat' dir='ltr'>te</span> <span class='ocrx_word' id='word_1_116' title='bbox 1507 1943 1775 2011; x_wconf 78' lang='lat' dir='ltr'>laudato</span> <span class='ocrx_word' id='word_1_117' title='bbox 1826 1945 1961 2011; x_wconf 81' lang='lat' dir='ltr'>viro</span> <span class='ocrx_word' id='word_1_118' title='bbox 2008 1941 2460 2030; x_wconf 79' lang='lat' dir='ltr'>proficiscitur,</span> 
     </span>
     <span class='ocr_line' id='line_1_16' title="bbox 175 2047 2462 2138; baseline 0.002 -27"><span class='ocrx_word' id='word_1_119' title='bbox 175 2047 305 2129; x_wconf 78' lang='lat' dir='ltr'>facit,</span> <span class='ocrx_word' id='word_1_120' title='bbox 345 2052 372 2090; x_wconf 73' lang='lat'>4</span> <span class='ocrx_word' id='word_1_121' title='bbox 413 2061 486 2118; x_wconf 87' lang='lat' dir='ltr'>ut</span> <span class='ocrx_word' id='word_1_122' title='bbox 532 2075 646 2118; x_wconf 89' lang='lat' dir='ltr'>me</span> <span class='ocrx_word' id='word_1_123' title='bbox 693 2073 834 2118; x_wconf 87' lang='lat' dir='ltr'>esse</span> <span class='ocrx_word' id='word_1_124' title='bbox 881 2053 1164 2138; x_wconf 78' lang='lat' dir='ltr'>aliquem</span> <span class='ocrx_word' id='word_1_125' title='bbox 1206 2058 1447 2136; x_wconf 82' lang='lat' dir='ltr'>putem.</span> <span class='ocrx_word' id='word_1_126' title='bbox 1530 2049 1666 2117; x_wconf 87' lang='lat' dir='ltr'>Sed</span> <span class='ocrx_word' id='word_1_127' title='bbox 1712 2049 1903 2116; x_wconf 87' lang='lat' dir='ltr'>deum</span> <span class='ocrx_word' id='word_1_128' title='bbox 1949 2050 2278 2136; x_wconf 77' lang='lat' dir='ltr'>Optimum</span> <span class='ocrx_word' id='word_1_129' title='bbox 2328 2049 2462 2118; x_wconf 76' lang='lat' dir='ltr'><strong>Ma·-</strong></span> 
     </span>
     <span class='ocr_line' id='line_1_17' title="bbox 168 2153 2463 2240; baseline 0.002 -24"><span class='ocrx_word' id='word_1_130' title='bbox 168 2153 359 2221; x_wconf 86' lang='lat' dir='ltr'>ximum</span> <span class='ocrx_word' id='word_1_131' title='bbox 403 2179 535 2238; x_wconf 87' lang='lat' dir='ltr'>oro,</span> <span class='ocrx_word' id='word_1_132' title='bbox 589 2163 666 2222; x_wconf 74' lang='lat' dir='ltr'>ut</span> <span class='ocrx_word' id='word_1_133' title='bbox 713 2155 817 2223; x_wconf 84' lang='lat' dir='ltr'>diu</span> <span class='ocrx_word' id='word_1_134' title='bbox 868 2158 1043 2223; x_wconf 79' lang='lat' dir='ltr'>alter</span> <span class='ocrx_word' id='word_1_135' title='bbox 1091 2158 1362 2224; x_wconf 83' lang='lat' dir='ltr'>alterius</span> <span class='ocrx_word' id='word_1_136' title='bbox 1411 2156 1625 2224; x_wconf 81' lang='lat' dir='ltr'>studio</span> <span class='ocrx_word' id='word_1_137' title='bbox 1675 2155 1989 2222; x_wconf 82' lang='lat' dir='ltr'>delectari</span> <span class='ocrx_word' id='word_1_138' title='bbox 2050 2156 2368 2240; x_wconf 83' lang='lat' dir='ltr'>possimus</span> <span class='ocrx_word' id='word_1_139' title='bbox 2396 2156 2463 2221; x_wconf 88' lang='lat' dir='ltr'>in</span> 
     </span>
     <span class='ocr_line' id='line_1_18' title="bbox 165 2258 2461 2348; baseline 0.003 -26"><span class='ocrx_word' id='word_1_140' title='bbox 165 2258 269 2326; x_wconf 86' lang='lat' dir='ltr'>dies</span> <span class='ocrx_word' id='word_1_141' title='bbox 319 2265 546 2347; x_wconf 83' lang='lat' dir='ltr'>magis,</span> <span class='ocrx_word' id='word_1_142' title='bbox 614 2263 787 2348; x_wconf 89' lang='lat' dir='ltr'>quod</span> <span class='ocrx_word' id='word_1_143' title='bbox 835 2285 960 2328; x_wconf 86' lang='lat' dir='ltr'>non</span> <span class='ocrx_word' id='word_1_144' title='bbox 1010 2263 1238 2330; x_wconf 81' lang='lat' dir='ltr'>dubito</span> <span class='ocrx_word' id='word_1_145' title='bbox 1286 2261 1579 2330; x_wconf 82' lang='lat' dir='ltr'>futurum</span> <span class='ocrx_word' id='word_1_146' title='bbox 1632 2263 1721 2343; x_wconf 85' lang='lat' dir='ltr'>si,</span> <span class='ocrx_word' id='word_1_147' title='bbox 1796 2259 2103 2348; x_wconf 79' lang='lat' dir='ltr'>quamdiu</span> <span class='ocrx_word' id='word_1_148' title='bbox 2150 2260 2461 2346; x_wconf 78' lang='lat' dir='ltr'>prodesse</span> 
     </span>
     <span class='ocr_line' id='line_1_19' title="bbox 163 2362 2463 2455; baseline 0.002 -27"><span class='ocrx_word' id='word_1_149' title='bbox 163 2362 480 2435; x_wconf 89' lang='lat' dir='ltr'>hominibus</span> <span class='ocrx_word' id='word_1_150' title='bbox 506 2369 720 2453; x_wconf 77' lang='lat' dir='ltr'>possit</span> <span class='ocrx_word' id='word_1_151' title='bbox 741 2369 874 2434; x_wconf 81' lang='lat' dir='ltr'>vita</span> <span class='ocrx_word' id='word_1_152' title='bbox 891 2375 1134 2447; x_wconf 81' lang='lat' dir='ltr'>nostra,</span> <span class='ocrx_word' id='word_1_153' title='bbox 1157 2373 1433 2455; x_wconf 80' lang='lat' dir='ltr'>uterque</span> <span class='ocrx_word' id='word_1_154' title='bbox 1461 2369 1824 2434; x_wconf 85' lang='lat' dir='ltr'>vixerimus.</span> <span class='ocrx_word' id='word_1_155' title='bbox 1895 2366 2129 2434; x_wconf 87' lang='lat' dir='ltr'>Libros</span> <span class='ocrx_word' id='word_1_156' title='bbox 2164 2367 2410 2434; x_wconf 86' lang='lat' dir='ltr'>omneis</span> <span class='ocrx_word' id='word_1_157' title='bbox 2436 2363 2463 2406; x_wconf 75' lang='lat'><strong>⁶</strong></span> 
     </span>
     <span class='ocr_line' id='line_1_20' title="bbox 161 2473 2463 2560; baseline 0.001 -25"><span class='ocrx_word' id='word_1_158' title='bbox 161 2491 286 2553; x_wconf 89' lang='lat' dir='ltr'>quos</span> <span class='ocrx_word' id='word_1_159' title='bbox 326 2475 621 2554; x_wconf 81' lang='lat' dir='ltr'>volebas,</span> <span class='ocrx_word' id='word_1_160' title='bbox 684 2475 786 2540; x_wconf 89' lang='lat' dir='ltr'>cui</span> <span class='ocrx_word' id='word_1_161' title='bbox 823 2473 1078 2560; x_wconf 77' lang='lat' dir='ltr'>jussisti</span> <span class='ocrx_word' id='word_1_162' title='bbox 1128 2473 1424 2540; x_wconf 84' lang='lat' dir='ltr'>dedimus</span> <span class='ocrx_word' id='word_1_163' title='bbox 1469 2480 1709 2558; x_wconf 76' lang='lat' dir='ltr'>praeter</span> <span class='ocrx_word' id='word_1_164' title='bbox 1756 2474 2055 2540; x_wconf 87' lang='lat' dir='ltr'>Nonnum</span> <span class='ocrx_word' id='word_1_165' title='bbox 2102 2479 2168 2539; x_wconf 83' lang='lat' dir='ltr'>et</span> <span class='ocrx_word' id='word_1_166' title='bbox 2220 2473 2463 2558; x_wconf 83' lang='lat' dir='ltr'>Grego-</span> 
     </span>
     <span class='ocr_line' id='line_1_21' title="bbox 157 2569 2463 2664; baseline 0.002 -25"><span class='ocrx_word' id='word_1_167' title='bbox 157 2569 290 2641; x_wconf 70' lang='lat' dir='ltr'>rium</span> <span class='ocrx_word' id='word_1_168' title='bbox 310 2578 360 2660; x_wconf 57' lang='grc' dir='ltr'>ὃς</span> <span class='ocrx_word' id='word_1_169' title='bbox 391 2579 678 2645; x_wconf 88' lang='lat' dir='ltr'>nondum</span> <span class='ocrx_word' id='word_1_170' title='bbox 713 2581 880 2646; x_wconf 85' lang='lat' dir='ltr'>enim</span> <span class='ocrx_word' id='word_1_171' title='bbox 914 2579 1092 2645; x_wconf 82' lang='lat' dir='ltr'>exire</span> <span class='ocrx_word' id='word_1_172' title='bbox 1122 2579 1189 2644; x_wconf 86' lang='lat' dir='ltr'>in</span> <span class='ocrx_word' id='word_1_173' title='bbox 1220 2579 1551 2664; x_wconf 90' lang='lat' dir='ltr'>publicum</span> <span class='ocrx_word' id='word_1_174' title='bbox 1582 2584 1872 2664; x_wconf 80' lang='lat' dir='ltr'>possunt.</span> <span class='ocrx_word' id='word_1_175' title='bbox 1936 2575 2121 2656; x_wconf 83' lang='lat' dir='ltr'>Quod</span> <span class='ocrx_word' id='word_1_176' title='bbox 2151 2599 2306 2644; x_wconf 77' lang='lat' dir='ltr'>vero</span> <span class='ocrx_word' id='word_1_177' title='bbox 2344 2577 2463 2644; x_wconf 88' lang='lat' dir='ltr'>mi-</span> 
     </span>
     <span class='ocr_line' id='line_1_22' title="bbox 157 2683 2459 2770; baseline 0.002 -27"><span class='ocrx_word' id='word_1_178' title='bbox 157 2684 298 2748; x_wconf 87' lang='lat' dir='ltr'>noris</span> <span class='ocrx_word' id='word_1_179' title='bbox 322 2685 461 2752; x_wconf 82' lang='lat' dir='ltr'>istic</span> <span class='ocrx_word' id='word_1_180' title='bbox 495 2692 762 2752; x_wconf 77' lang='lat' dir='ltr'>nostros</span> <span class='ocrx_word' id='word_1_181' title='bbox 794 2707 1008 2751; x_wconf 82' lang='lat' dir='ltr'>emere</span> <span class='ocrx_word' id='word_1_182' title='bbox 1049 2685 1249 2751; x_wconf 86' lang='lat' dir='ltr'>libros</span> <span class='ocrx_word' id='word_1_183' title='bbox 1310 2707 1513 2770; x_wconf 86' lang='lat' dir='ltr'>queas</span> <span class='ocrx_word' id='word_1_184' title='bbox 1546 2685 1763 2750; x_wconf 86' lang='lat' dir='ltr'>miror.</span> <span class='ocrx_word' id='word_1_185' title='bbox 1842 2684 2104 2750; x_wconf 83' lang='lat' dir='ltr'>Certum</span> <span class='ocrx_word' id='word_1_186' title='bbox 2144 2689 2243 2748; x_wconf 83' lang='lat' dir='ltr'>est</span> <span class='ocrx_word' id='word_1_187' title='bbox 2291 2683 2459 2748; x_wconf 88' lang='lat' dir='ltr'>enim</span> 
     </span>
     <span class='ocr_line' id='line_1_23' title="bbox 155 2787 2463 2876; baseline 0.002 -28"><span class='ocrx_word' id='word_1_188' title='bbox 155 2807 252 2851; x_wconf 86' lang='lat' dir='ltr'>non</span> <span class='ocrx_word' id='word_1_189' title='bbox 289 2790 552 2856; x_wconf 83' lang='lat' dir='ltr'>minoris</span> <span class='ocrx_word' id='word_1_190' title='bbox 598 2811 674 2856; x_wconf 93' lang='lat' dir='ltr'>eo</span> <span class='ocrx_word' id='word_1_191' title='bbox 721 2791 906 2856; x_wconf 84' lang='lat' dir='ltr'>vendi</span> <span class='ocrx_word' id='word_1_192' title='bbox 953 2790 1098 2856; x_wconf 85' lang='lat' dir='ltr'>illos</span> <span class='ocrx_word' id='word_1_193' title='bbox 1150 2790 1456 2870; x_wconf 63' lang='lat' dir='ltr'>Venetus,</span> <span class='ocrx_word' id='word_1_194' title='bbox 1507 2791 1732 2876; x_wconf 79' lang='lat' dir='ltr'>quanti</span> <span class='ocrx_word' id='word_1_195' title='bbox 1760 2789 1782 2828; x_wconf 79' lang='lat'>⁷</span> <span class='ocrx_word' id='word_1_196' title='bbox 1830 2789 2261 2855; x_wconf 77' lang='lat' dir='ltr'>constiterunt</span> <span class='ocrx_word' id='word_1_197' title='bbox 2322 2787 2463 2868; x_wconf 82' lang='lat' dir='ltr'>tibi,</span> 
     </span>
     <span class='ocr_line' id='line_1_24' title="bbox 155 2891 2460 2980; baseline 0.002 -27"><span class='ocrx_word' id='word_1_198' title='bbox 155 2891 312 2960; x_wconf 89' lang='lat' dir='ltr'>immo</span> <span class='ocrx_word' id='word_1_199' title='bbox 341 2899 564 2980; x_wconf 83' lang='lat' dir='ltr'>potius</span> <span class='ocrx_word' id='word_1_200' title='bbox 596 2896 820 2980; x_wconf 69' lang='lat' dir='ltr'>pluris</span> <span class='ocrx_word' id='word_1_201' title='bbox 913 2896 1041 2962; x_wconf 86' lang='lat' dir='ltr'>Sed</span> <span class='ocrx_word' id='word_1_202' title='bbox 1072 2902 1232 2980; x_wconf 80' lang='lat' dir='ltr'>puto</span> <span class='ocrx_word' id='word_1_203' title='bbox 1283 2917 1426 2963; x_wconf 87' lang='lat' dir='ltr'>esse</span> <span class='ocrx_word' id='word_1_204' title='bbox 1474 2917 1737 2962; x_wconf 82' lang='lat' dir='ltr'>causam</span> <span class='ocrx_word' id='word_1_205' title='bbox 1788 2893 2089 2979; x_wconf 77' lang='lat' dir='ltr'>quoniam</span> <span class='ocrx_word' id='word_1_206' title='bbox 2134 2899 2460 2960; x_wconf 82' lang='lat' dir='ltr'>mercator</span> 
     </span>
     <span class='ocr_line' id='line_1_25' title="bbox 155 2996 2457 3086; baseline 0.003 -27"><span class='ocrx_word' id='word_1_207' title='bbox 155 2996 254 3062; x_wconf 84' lang='lat' dir='ltr'>iste</span> <span class='ocrx_word' id='word_1_208' title='bbox 284 3022 420 3067; x_wconf 86' lang='lat' dir='ltr'>cum</span> <span class='ocrx_word' id='word_1_209' title='bbox 452 3001 742 3086; x_wconf 70' lang='lat' dir='ltr'>accipiat</span> <span class='ocrx_word' id='word_1_210' title='bbox 786 3023 827 3067; x_wconf 84' lang='lat' dir='ltr'>a</span> <span class='ocrx_word' id='word_1_211' title='bbox 872 3003 1185 3068; x_wconf 81' lang='lat' dir='ltr'>societ-ate</span> <span class='ocrx_word' id='word_1_212' title='bbox 1222 2999 1249 3040; x_wconf 83' lang='lat'><strong>⁸</strong></span> <span class='ocrx_word' id='word_1_213' title='bbox 1299 3007 1527 3067; x_wconf 81' lang='lat' dir='ltr'>nostra</span> <span class='ocrx_word' id='word_1_214' title='bbox 1571 3001 1858 3066; x_wconf 84' lang='lat' dir='ltr'>Venetiis</span> <span class='ocrx_word' id='word_1_215' title='bbox 1904 3020 2097 3085; x_wconf 75' lang='lat' dir='ltr'>quam</span> <span class='ocrx_word' id='word_1_216' title='bbox 2142 2997 2457 3083; x_wconf 83' lang='lat' dir='ltr'>plurimos</span> 
     </span>
     <span class='ocr_line' id='line_1_26' title="bbox 159 3103 2465 3193; baseline 0.003 -29"><span class='ocrx_word' id='word_1_217' title='bbox 159 3103 311 3170; x_wconf 88' lang='lat' dir='ltr'>simul</span> <span class='ocrx_word' id='word_1_218' title='bbox 353 3106 558 3173; x_wconf 88' lang='lat' dir='ltr'>libros</span> <span class='ocrx_word' id='word_1_219' title='bbox 607 3114 674 3172; x_wconf 77' lang='lat' dir='ltr'>et</span> <span class='ocrx_word' id='word_1_220' title='bbox 718 3107 982 3174; x_wconf 86' lang='lat' dir='ltr'>minoris</span> <span class='ocrx_word' id='word_1_221' title='bbox 1031 3129 1226 3193; x_wconf 83' lang='lat' dir='ltr'>quam</span> <span class='ocrx_word' id='word_1_222' title='bbox 1275 3107 1641 3173; x_wconf 81' lang='lat' dir='ltr'>venduntur</span> <span class='ocrx_word' id='word_1_223' title='bbox 1688 3105 1920 3192; x_wconf 85' lang='lat' dir='ltr'>singuli</span> <span class='ocrx_word' id='word_1_224' title='bbox 1966 3111 2060 3188; x_wconf 76' lang='lat' dir='ltr'>ut,</span> <span class='ocrx_word' id='word_1_225' title='bbox 2112 3126 2303 3191; x_wconf 88' lang='lat' dir='ltr'>quem</span> <span class='ocrx_word' id='word_1_226' title='bbox 2350 3103 2465 3172; x_wconf 75' lang='lat' dir='ltr'>ad·</span> 
     </span>
     <span class='ocr_line' id='line_1_27' title="bbox 159 3210 2461 3298; baseline 0.002 -25"><span class='ocrx_word' id='word_1_227' title='bbox 159 3210 375 3278; x_wconf 88' lang='lat' dir='ltr'>modum</span> <span class='ocrx_word' id='word_1_228' title='bbox 422 3235 683 3298; x_wconf 84' lang='lat' dir='ltr'>aequum</span> <span class='ocrx_word' id='word_1_229' title='bbox 731 3221 846 3292; x_wconf 82' lang='lat' dir='ltr'>est,</span> <span class='ocrx_word' id='word_1_230' title='bbox 896 3220 961 3279; x_wconf 76' lang='lat' dir='ltr'>et</span> <span class='ocrx_word' id='word_1_231' title='bbox 1007 3214 1144 3298; x_wconf 88' lang='lat' dir='ltr'>ipse</span> <span class='ocrx_word' id='word_1_232' title='bbox 1194 3213 1436 3279; x_wconf 85' lang='lat' dir='ltr'>lucrari</span> <span class='ocrx_word' id='word_1_233' title='bbox 1484 3211 1693 3297; x_wconf 80' lang='lat' dir='ltr'>possit</span> <span class='ocrx_word' id='word_1_234' title='bbox 1736 3211 2013 3298; x_wconf 82' lang='lat' dir='ltr'>aliquid,</span> <span class='ocrx_word' id='word_1_235' title='bbox 2068 3232 2189 3278; x_wconf 89' lang='lat' dir='ltr'>nec</span> <span class='ocrx_word' id='word_1_236' title='bbox 2235 3216 2461 3278; x_wconf 78' lang='lat' dir='ltr'>tamen</span> 
     </span>
     <span class='ocr_line' id='line_1_28' title="bbox 161 3313 2463 3403; baseline 0.004 -28"><span class='ocrx_word' id='word_1_237' title='bbox 161 3313 330 3382; x_wconf 79' lang='lat' dir='ltr'>solvat</span> <span class='ocrx_word' id='word_1_238' title='bbox 371 3319 634 3402; x_wconf 83' lang='lat' dir='ltr'>(damus</span> <span class='ocrx_word' id='word_1_239' title='bbox 683 3320 850 3384; x_wconf 88' lang='lat' dir='ltr'>enim</span> <span class='ocrx_word' id='word_1_240' title='bbox 893 3319 986 3385; x_wconf 89' lang='lat' dir='ltr'>illi</span> <span class='ocrx_word' id='word_1_241' title='bbox 1019 3319 1106 3384; x_wconf 85' lang='lat' dir='ltr'>ad</span> <span class='ocrx_word' id='word_1_242' title='bbox 1138 3320 1422 3403; x_wconf 88' lang='lat' dir='ltr'>tempus)</span> <span class='ocrx_word' id='word_1_243' title='bbox 1468 3318 1674 3402; x_wconf 78' lang='lat' dir='ltr'>gratis</span> <span class='ocrx_word' id='word_1_244' title='bbox 1706 3340 1816 3385; x_wconf 88' lang='lat' dir='ltr'>eos</span> <span class='ocrx_word' id='word_1_245' title='bbox 1848 3319 2131 3386; x_wconf 78' lang='lat' dir='ltr'>fortasse</span> <span class='ocrx_word' id='word_1_246' title='bbox 2162 3315 2463 3385; x_wconf 80' lang='lat' dir='ltr'>habuisse</span> 
     </span>
     <span class='ocr_line' id='line_1_29' title="bbox 167 3423 1785 3498; baseline 0.004 -14"><span class='ocrx_word' id='word_1_247' title='bbox 167 3427 315 3498; x_wconf 79' lang='lat' dir='ltr'>putat</span> <span class='ocrx_word' id='word_1_248' title='bbox 346 3424 386 3489; x_wconf 76' lang='lat'>⁹.</span> <span class='ocrx_word' id='word_1_249' title='bbox 481 3425 646 3491; x_wconf 83' lang='lat' dir='ltr'>Vale</span> <span class='ocrx_word' id='word_1_250' title='bbox 694 3425 983 3490; x_wconf 85' lang='lat' dir='ltr'>Venetiis</span> <span class='ocrx_word' id='word_1_251' title='bbox 1036 3430 1118 3490; x_wconf 83' lang='lat'>24</span> <span class='ocrx_word' id='word_1_252' title='bbox 1165 3423 1546 3492; x_wconf 83' lang='lat' dir='ltr'>Decembris</span> <span class='ocrx_word' id='word_1_253' title='bbox 1598 3429 1785 3490; x_wconf 80' lang='lat'>1502.</span> 
     </span>
    </p>
   </div>
   <div class='ocr_carea' id='block_1_7' title="bbox 175 3559 2463 3684">
    <p class='ocr_par' dir='ltr' id='par_1_8' title="bbox 175 3559 2463 3684">
     <span class='ocr_line' id='line_1_30' title="bbox 175 3559 2463 3684; baseline 0.004 -26"><span class='ocrx_word' id='word_1_254' title='bbox 175 3613 414 3670; x_wconf 68' lang='lat' dir='ltr'>wird1503</span> <span class='ocrx_word' id='word_1_255' title='bbox 454 3634 576 3670; x_wconf 83' lang='lat' dir='ltr'>zum</span> <span class='ocrx_word' id='word_1_256' title='bbox 621 3621 796 3670; x_wconf 74' lang='lat' dir='ltr'>rektor</span> <span class='ocrx_word' id='word_1_257' title='bbox 835 3619 926 3670; x_wconf 84' lang='lat' dir='ltr'>der</span> <span class='ocrx_word' id='word_1_258' title='bbox 963 3559 1644 3683; x_wconf 39' lang='lat' dir='ltr'>universitiitssfleidelbcm</span> <span class='ocrx_word' id='word_1_259' title='bbox 1681 3614 1939 3684; x_wconf 65' lang='lat' dir='ltr'>gewah123</span> <span class='ocrx_word' id='word_1_260' title='bbox 1982 3631 2025 3667; x_wconf 81' lang='lat' dir='ltr'>s.</span> <span class='ocrx_word' id='word_1_261' title='bbox 2067 3613 2306 3679; x_wconf 78' lang='lat' dir='ltr'>Schwab‚</span> <span class='ocrx_word' id='word_1_262' title='bbox 2344 3612 2463 3683; x_wconf 75' lang='lat' dir='ltr'>Syl-</span> 
     </span>
    </p>
   </div>
   <div class='ocr_carea' id='block_1_8' title="bbox 158 3695 2463 4570">
    <p class='ocr_par' dir='ltr' id='par_1_9' title="bbox 171 3695 2463 3947">
     <span class='ocr_line' id='line_1_31' title="bbox 182 3695 2461 3770; baseline 0.003 -21"><span class='ocrx_word' id='word_1_263' title='bbox 182 3695 287 3752; x_wconf 75' lang='lat' dir='ltr'>labus</span> <span class='ocrx_word' id='word_1_264' title='bbox 311 3705 592 3756; x_wconf 85' lang='lat' dir='ltr'>Rectorum</span> <span class='ocrx_word' id='word_1_265' title='bbox 617 3708 658 3770; x_wconf 90' lang='lat'>1,</span> <span class='ocrx_word' id='word_1_266' title='bbox 698 3723 739 3758; x_wconf 82' lang='lat' dir='ltr'>s.</span> <span class='ocrx_word' id='word_1_267' title='bbox 767 3709 866 3769; x_wconf 77' lang='lat'>833</span> <span class='ocrx_word' id='word_1_268' title='bbox 904 3706 1141 3757; x_wconf 64' lang='lat' dir='ltr'>sekretar</span> <span class='ocrx_word' id='word_1_269' title='bbox 1175 3707 1268 3758; x_wconf 85' lang='lat' dir='ltr'>des</span> <span class='ocrx_word' id='word_1_270' title='bbox 1300 3707 1559 3757; x_wconf 74' lang='lat' dir='ltr'>Raimund</span> <span class='ocrx_word' id='word_1_271' title='bbox 1599 3721 1649 3756; x_wconf 79' lang='lat' dir='ltr'>v.</span> <span class='ocrx_word' id='word_1_272' title='bbox 1678 3705 1844 3765; x_wconf 83' lang='lat' dir='ltr'>Gurk,</span> <span class='ocrx_word' id='word_1_273' title='bbox 1882 3704 1975 3755; x_wconf 79' lang='lat' dir='ltr'>der</span> <span class='ocrx_word' id='word_1_274' title='bbox 2010 3704 2145 3754; x_wconf 79' lang='lat' dir='ltr'>auch</span> <span class='ocrx_word' id='word_1_275' title='bbox 2182 3705 2235 3754; x_wconf 83' lang='lat' dir='ltr'>iu</span> <span class='ocrx_word' id='word_1_276' title='bbox 2264 3703 2461 3756; x_wconf 69' lang='lat' dir='ltr'>(lienem</span> 
     </span>
     <span class='ocr_line' id='line_1_32' title="bbox 177 3781 2463 3859; baseline 0.001 -20"><span class='ocrx_word' id='word_1_277' title='bbox 177 3781 277 3840; x_wconf 78' lang='lat' dir='ltr'>brief</span> <span class='ocrx_word' id='word_1_278' title='bbox 304 3793 380 3843; x_wconf 79' lang='lat' dir='ltr'>als</span> <span class='ocrx_word' id='word_1_279' title='bbox 422 3793 665 3844; x_wconf 83' lang='lat' dir='ltr'>dominus</span> <span class='ocrx_word' id='word_1_280' title='bbox 705 3794 1172 3847; x_wconf 78' lang='lat' dir='ltr'>reverendissimus</span> <span class='ocrx_word' id='word_1_281' title='bbox 1207 3795 1523 3846; x_wconf 80' lang='lat' dir='ltr'>bezeichnet</span> <span class='ocrx_word' id='word_1_282' title='bbox 1558 3792 1723 3844; x_wconf 77' lang='lat' dir='ltr'>wird‘?</span> <span class='ocrx_word' id='word_1_283' title='bbox 1803 3793 1902 3844; x_wconf 85' lang='lat' dir='ltr'>Die</span> <span class='ocrx_word' id='word_1_284' title='bbox 1950 3790 2335 3859; x_wconf 69' lang='lat' dir='ltr'>geschm&#39;tliche</span> <span class='ocrx_word' id='word_1_285' title='bbox 2371 3805 2463 3843; x_wconf 67' lang='lat' dir='ltr'>sn·</span> 
     </span>
     <span class='ocr_line' id='line_1_33' title="bbox 171 3873 2123 3947; baseline 0.004 -25"><span class='ocrx_word' id='word_1_286' title='bbox 171 3873 470 3944; x_wconf 73' lang='lat' dir='ltr'>gelegcnheit</span> <span class='ocrx_word' id='word_1_287' title='bbox 507 3881 646 3945; x_wconf 81' lang='lat' dir='ltr'>aber,</span> <span class='ocrx_word' id='word_1_288' title='bbox 683 3898 769 3933; x_wconf 88' lang='lat' dir='ltr'>um</span> <span class='ocrx_word' id='word_1_289' title='bbox 811 3883 894 3934; x_wconf 83' lang='lat' dir='ltr'>die</span> <span class='ocrx_word' id='word_1_290' title='bbox 933 3897 989 3933; x_wconf 82' lang='lat' dir='ltr'>es</span> <span class='ocrx_word' id='word_1_291' title='bbox 1029 3883 1140 3934; x_wconf 80' lang='lat' dir='ltr'>sich</span> <span class='ocrx_word' id='word_1_292' title='bbox 1183 3882 1413 3947; x_wconf 75' lang='lat' dir='ltr'>handelt,</span> <span class='ocrx_word' id='word_1_293' title='bbox 1451 3883 1521 3933; x_wconf 82' lang='lat' dir='ltr'>ist</span> <span class='ocrx_word' id='word_1_294' title='bbox 1556 3882 1654 3932; x_wconf 83' lang='lat' dir='ltr'>mir</span> <span class='ocrx_word' id='word_1_295' title='bbox 1688 3879 1837 3931; x_wconf 82' lang='lat' dir='ltr'>nicht</span> <span class='ocrx_word' id='word_1_296' title='bbox 1874 3879 2123 3932; x_wconf 75' lang='lat' dir='ltr'>bekannt.</span> 
     </span>
    </p>

    <p class='ocr_par' dir='ltr' id='par_1_10' title="bbox 158 3965 2463 4570">
     <span class='ocr_line' id='line_1_34' title="bbox 279 3965 2461 4038; baseline 0.001 -21"><span class='ocrx_word' id='word_1_297' title='bbox 279 3974 294 4017; x_wconf 80' lang='lat'>1</span> <span class='ocrx_word' id='word_1_298' title='bbox 345 3971 630 4022; x_wconf 78' lang='lat' dir='ltr'>Manutius.</span> <span class='ocrx_word' id='word_1_299' title='bbox 667 4009 671 4016; x_wconf 92' lang='lat'>.</span> <span class='ocrx_word' id='word_1_300' title='bbox 707 3972 830 4038; x_wconf 79' lang='lat' dir='ltr'>Vgl.</span> <span class='ocrx_word' id='word_1_301' title='bbox 881 3970 980 4022; x_wconf 80' lang='lat' dir='ltr'>den</span> <span class='ocrx_word' id='word_1_302' title='bbox 1032 3971 1230 4024; x_wconf 82' lang='lat' dir='ltr'>diesem</span> <span class='ocrx_word' id='word_1_303' title='bbox 1283 3970 1448 4022; x_wconf 74' lang='lat' dir='ltr'>briefo</span> <span class='ocrx_word' id='word_1_304' title='bbox 1499 3969 1935 4036; x_wconf 74' lang='lat' dir='ltr'>vorangehenden</span> <span class='ocrx_word' id='word_1_305' title='bbox 1986 3969 2129 4022; x_wconf 74' lang='lat' dir='ltr'>brief</span> <span class='ocrx_word' id='word_1_306' title='bbox 2172 3965 2461 4020; x_wconf 68' lang='lat' dir='ltr'>Reuchlinn</span> 
     </span>
     <span class='ocr_line' id='line_1_35' title="bbox 163 4047 2462 4128; baseline 0.003 -25"><span class='ocrx_word' id='word_1_307' title='bbox 163 4047 218 4100; x_wconf 74' lang='lat' dir='ltr'>im</span> <span class='ocrx_word' id='word_1_308' title='bbox 249 4056 462 4125; x_wconf 76' lang='lat' dir='ltr'>anhang.</span> <span class='ocrx_word' id='word_1_309' title='bbox 591 4063 619 4110; x_wconf 82' lang='lat'><strong>2</strong></span> <span class='ocrx_word' id='word_1_310' title='bbox 658 4060 988 4128; x_wconf 80' lang='lat' dir='ltr'>principibus</span> <span class='ocrx_word' id='word_1_311' title='bbox 1027 4059 1148 4126; x_wconf 64' lang='lat' dir='ltr'>etc]</span> <span class='ocrx_word' id='word_1_312' title='bbox 1189 4061 1366 4110; x_wconf 81' lang='lat' dir='ltr'>Horaz</span> <span class='ocrx_word' id='word_1_313' title='bbox 1404 4060 1570 4125; x_wconf 80' lang='lat' dir='ltr'>Epist.</span> <span class='ocrx_word' id='word_1_314' title='bbox 1609 4059 1650 4121; x_wconf 87' lang='lat'>1,</span> <span class='ocrx_word' id='word_1_315' title='bbox 1692 4063 1770 4121; x_wconf 82' lang='grc'>17,</span> <span class='ocrx_word' id='word_1_316' title='bbox 1812 4061 1895 4110; x_wconf 80' lang='grc'>35.</span> <span class='ocrx_word' id='word_1_317' title='bbox 2022 4060 2053 4109; x_wconf 81' lang='grc'><strong>3</strong></span> <span class='ocrx_word' id='word_1_318' title='bbox 2092 4059 2224 4110; x_wconf 76' lang='lat' dir='ltr'>viris</span> <span class='ocrx_word' id='word_1_319' title='bbox 2262 4057 2462 4125; x_wconf 70' lang='lat' dir='ltr'>susgcl.</span> 
     </span>
     <span class='ocr_line' id='line_1_36' title="bbox 163 4140 2463 4200; baseline 0.005 -11"><span class='ocrx_word' id='word_1_320' title='bbox 163 4140 200 4189; x_wconf 81' lang='grc'>4.</span> <span class='ocrx_word' id='word_1_321' title='bbox 229 4143 398 4196; x_wconf 79' lang='lat' dir='ltr'>ultima.</span> <span class='ocrx_word' id='word_1_322' title='bbox 435 4147 518 4196; x_wconf 72' lang='lat' dir='ltr'>fiir</span> <span class='ocrx_word' id='word_1_323' title='bbox 556 4148 733 4198; x_wconf 74' lang='lat' dir='ltr'>infima</span> <span class='ocrx_word' id='word_1_324' title='bbox 758 4152 806 4198; x_wconf 90' lang='grc'>4.</span> <span class='ocrx_word' id='word_1_325' title='bbox 918 4153 949 4198; x_wconf 95' lang='grc'><strong>4</strong></span> <span class='ocrx_word' id='word_1_326' title='bbox 987 4148 1122 4198; x_wconf 74' lang='lat' dir='ltr'>facis</span> <span class='ocrx_word' id='word_1_327' title='bbox 1157 4151 1204 4198; x_wconf 81' lang='lat'>2.</span> <span class='ocrx_word' id='word_1_328' title='bbox 1321 4149 1354 4197; x_wconf 80' lang='grc' dir='ltr'><strong><em>ὃ</em></strong></span> <span class='ocrx_word' id='word_1_329' title='bbox 1392 4162 1575 4198; x_wconf 81' lang='lat' dir='ltr'>omnes</span> <span class='ocrx_word' id='word_1_330' title='bbox 1601 4151 1649 4199; x_wconf 82' lang='lat'>4.</span> <span class='ocrx_word' id='word_1_331' title='bbox 1756 4149 1789 4198; x_wconf 74' lang='grc' dir='ltr'><strong><em>ὃ</em></strong></span> <span class='ocrx_word' id='word_1_332' title='bbox 1828 4149 1935 4198; x_wconf 86' lang='lat' dir='ltr'>Der</span> <span class='ocrx_word' id='word_1_333' title='bbox 1968 4146 2184 4198; x_wconf 78' lang='lat' dir='ltr'>Nomius</span> <span class='ocrx_word' id='word_1_334' title='bbox 2221 4147 2463 4200; x_wconf 75' lang='lat' dir='ltr'>erschien</span> 
     </span>
     <span class='ocr_line' id='line_1_37' title="bbox 163 4227 2461 4301; baseline 0.003 -25"><span class='ocrx_word' id='word_1_335' title='bbox 163 4227 428 4289; x_wconf 76' lang='lat' dir='ltr'>griechisch</span> <span class='ocrx_word' id='word_1_336' title='bbox 479 4241 586 4286; x_wconf 76' lang='lat' dir='ltr'>erst</span> <span class='ocrx_word' id='word_1_337' title='bbox 628 4239 774 4299; x_wconf 78' lang='lat'>1504,</span> <span class='ocrx_word' id='word_1_338' title='bbox 824 4235 1110 4301; x_wconf 82' lang='lat' dir='ltr'>Gregorius</span> <span class='ocrx_word' id='word_1_339' title='bbox 1149 4236 1244 4285; x_wconf 86' lang='lat' dir='ltr'>mit</span> <span class='ocrx_word' id='word_1_340' title='bbox 1295 4235 1636 4286; x_wconf 73' lang='lat' dir='ltr'>lateinischer</span> <span class='ocrx_word' id='word_1_341' title='bbox 1672 4235 2025 4301; x_wconf 64' lang='lat' dir='ltr'>ubersetzung</span> <span class='ocrx_word' id='word_1_342' title='bbox 2062 4235 2115 4283; x_wconf 84' lang='lat' dir='ltr'>in</span> <span class='ocrx_word' id='word_1_343' title='bbox 2158 4234 2461 4287; x_wconf 78' lang='lat' dir='ltr'>demsclben</span> 
     </span>
     <span class='ocr_line' id='line_1_38' title="bbox 158 4312 2463 4392; baseline -0.001 -18"><span class='ocrx_word' id='word_1_344' title='bbox 158 4312 296 4374; x_wconf 70' lang='lat' dir='ltr'>Jthre.</span> <span class='ocrx_word' id='word_1_345' title='bbox 351 4323 496 4374; x_wconf 76' lang='lat' dir='ltr'>Anm.</span> <span class='ocrx_word' id='word_1_346' title='bbox 544 4323 800 4373; x_wconf 77' lang='lat' dir='ltr'>Schiicks.</span> <span class='ocrx_word' id='word_1_347' title='bbox 927 4327 954 4373; x_wconf 78' lang='lat'><strong>7</strong></span> <span class='ocrx_word' id='word_1_348' title='bbox 995 4321 1198 4392; x_wconf 74' lang='lat' dir='ltr'>[quam]</span> <span class='ocrx_word' id='word_1_349' title='bbox 1239 4323 1422 4388; x_wconf 77' lang='lat' dir='ltr'>quanti</span> <span class='ocrx_word' id='word_1_350' title='bbox 1462 4327 1513 4374; x_wconf 84' lang='lat'>4.</span> <span class='ocrx_word' id='word_1_351' title='bbox 1636 4326 1668 4374; x_wconf 84' lang='lat'>8</span> <span class='ocrx_word' id='word_1_352' title='bbox 1706 4324 1843 4376; x_wconf 84' lang='lat' dir='ltr'>Eine</span> <span class='ocrx_word' id='word_1_353' title='bbox 1888 4323 2189 4375; x_wconf 78' lang='lat' dir='ltr'>bestimmte</span> <span class='ocrx_word' id='word_1_354' title='bbox 2234 4323 2463 4373; x_wconf 67' lang='lat' dir='ltr'>societas</span> 
     </span>
     <span class='ocr_line' id='line_1_39' title="bbox 164 4399 2463 4477; baseline 0.003 -23"><span class='ocrx_word' id='word_1_355' title='bbox 164 4399 282 4456; x_wconf 72' lang='lat' dir='ltr'>hatte</span> <span class='ocrx_word' id='word_1_356' title='bbox 317 4409 474 4462; x_wconf 78' lang='lat' dir='ltr'>Aldus</span> <span class='ocrx_word' id='word_1_357' title='bbox 511 4410 685 4473; x_wconf 77' lang='lat' dir='ltr'>nicht3</span> <span class='ocrx_word' id='word_1_358' title='bbox 717 4411 988 4462; x_wconf 76' lang='lat' dir='ltr'>vielleicht</span> <span class='ocrx_word' id='word_1_359' title='bbox 1023 4414 1224 4462; x_wconf 72' lang='lat' dir='ltr'>setzteu</span> <span class='ocrx_word' id='word_1_360' title='bbox 1265 4411 1440 4477; x_wconf 77' lang='lat' dir='ltr'>einige</span> <span class='ocrx_word' id='word_1_361' title='bbox 1479 4410 1780 4477; x_wconf 76' lang='lat' dir='ltr'>mitglieder</span> <span class='ocrx_word' id='word_1_362' title='bbox 1818 4411 1910 4462; x_wconf 79' lang='lat' dir='ltr'>der</span> <span class='ocrx_word' id='word_1_363' title='bbox 1946 4409 2235 4473; x_wconf 69' lang='lat' dir='ltr'>akndemie,</span> <span class='ocrx_word' id='word_1_364' title='bbox 2272 4411 2361 4462; x_wconf 78' lang='lat' dir='ltr'>die</span> <span class='ocrx_word' id='word_1_365' title='bbox 2396 4424 2463 4460; x_wconf 76' lang='lat' dir='ltr'>zu</span> 
     </span>
     <span class='ocr_line' id='line_1_40' title="bbox 166 4486 2463 4570; baseline 0.002 -28"><span class='ocrx_word' id='word_1_366' title='bbox 166 4486 246 4542; x_wconf 74' lang='lat' dir='ltr'>deu</span> <span class='ocrx_word' id='word_1_367' title='bbox 276 4494 450 4550; x_wconf 80' lang='lat' dir='ltr'>kosten</span> <span class='ocrx_word' id='word_1_368' title='bbox 487 4497 777 4566; x_wconf 77' lang='lat' dir='ltr'>beiti-agen,</span> <span class='ocrx_word' id='word_1_369' title='bbox 813 4499 946 4550; x_wconf 69' lang='lat' dir='ltr'>such</span> <span class='ocrx_word' id='word_1_370' title='bbox 985 4498 1072 4552; x_wconf 80' lang='lat' dir='ltr'>die</span> <span class='ocrx_word' id='word_1_371' title='bbox 1107 4500 1282 4567; x_wconf 81' lang='lat' dir='ltr'>preise</span> <span class='ocrx_word' id='word_1_372' title='bbox 1308 4499 1424 4550; x_wconf 75' lang='lat' dir='ltr'>fest.</span> <span class='ocrx_word' id='word_1_373' title='bbox 1490 4499 1640 4550; x_wconf 79' lang='lat' dir='ltr'>Aum.</span> <span class='ocrx_word' id='word_1_374' title='bbox 1670 4498 1926 4552; x_wconf 75' lang='lat' dir='ltr'>Schiicks.</span> <span class='ocrx_word' id='word_1_375' title='bbox 2036 4499 2067 4548; x_wconf 81' lang='lat'>9</span> <span class='ocrx_word' id='word_1_376' title='bbox 2106 4495 2201 4567; x_wconf 74' lang='lat' dir='ltr'>[se]</span> <span class='ocrx_word' id='word_1_377' title='bbox 2233 4504 2384 4570; x_wconf 64' lang='lat' dir='ltr'>putat</span> <span class='ocrx_word' id='word_1_378' title='bbox 2410 4500 2463 4554; x_wconf 78' lang='grc'>4.</span> 
     </span>
    </p>
   </div>
  </div>
 </body>
</html>
