2950 5042
1249 408 1376 477 193

197 618 360 684 quam
397 598 508 667 tibi
546 600 730 667 mitto
759 600 1190 687 conjunctam.
1281 601 1669 688 Quanquam
1698 602 1935 684 nescio,
1981 602 2141 688 quid
2185 606 2473 689 portenti

195 705 440 788 quotidie
483 706 822 786 minentur,
867 712 942 773 ut
987 712 1138 775 sunt
1183 726 1386 792 supra
1429 707 1693 773 modum
1740 714 1808 774 et
1852 707 2238 775 modestiam
2283 711 2473 777 nimis

193 811 497 877 temerarii.
585 810 714 879 Sed
758 812 1154 898 sperandum
1201 818 1304 879 est
1345 812 1507 879 vivis
1542 813 1735 899 juxta
1780 812 2211 881 Theocritum.
2299 816 2467 881 Nam

193 915 364 983 virtus
424 918 617 983 etiam
685 939 832 985 cum
895 918 1212 1003 naufrago
1277 924 1541 1000 enatat,
1624 919 1799 1004 quod
1866 920 1933 985 in
2002 918 2237 1007 Ulysse
2299 920 2474 1005 apud

189 1020 452 1088 Phaeacas
498 1023 784 1089 vidimus.
875 1023 1237 1091 Jactabunt
1281 1044 1350 1091 se
1393 1024 1673 1091 forsitan
1702 1024 1803 1091 vel
1833 1024 2069 1107 Romae,
2116 1027 2215 1092 vel
2248 1048 2469 1093 coram

189 1127 372 1211 aliquo
413 1129 872 1215 incompetenti
915 1129 1138 1214 judice
1182 1150 1302 1215 per
1345 1128 1814 1197 abundantiam
1856 1131 2279 1216 pecuniarum
2328 1153 2477 1198 sua-

185 1254 300 1299 rum
351 1234 575 1301 saltem
635 1256 718 1303 ex
773 1235 1090 1303 matronis
1143 1242 1212 1303 et
1269 1234 1481 1303 viduis
1538 1256 1947 1305 corrosarum
1961 1286 1977 1318 ,
2033 1238 2471 1305 semivacuum

187 1341 539 1424 marsupium
595 1362 808 1408 meum
865 1362 1176 1427 superare
1240 1362 1451 1427 posse.
1546 1341 1674 1409 Sed
1731 1362 1929 1428 quom
1974 1342 2214 1409 famam
2259 1362 2471 1409 meam

186 1443 428 1528 intueor,
487 1447 663 1532 quod
717 1448 1028 1533 optimum
1074 1448 1140 1513 in
1185 1448 1489 1515 humanis
1536 1454 1674 1529 est,
1720 1455 1858 1514 tum
1908 1449 2198 1533 quamvis
2244 1469 2473 1515 revera

186 1552 358 1617 tenuis
401 1574 518 1636 ego
563 1554 714 1621 vitae
755 1553 948 1621 homo
995 1560 1063 1621 et
1109 1576 1277 1621 nunc
1323 1554 1464 1621 sola
1508 1552 1911 1639 agricultura
1956 1554 2196 1619 victum
2243 1553 2475 1638 quaeri-

184 1660 300 1723 tans
351 1658 540 1725 nullis
605 1658 948 1744 stipendiis
1007 1660 1374 1746 principum
1427 1666 1544 1727 aut
1606 1660 1943 1727 civitatum
1988 1659 2273 1727 donatus
2320 1660 2472 1740 sim3

187 1768 364 1829 tamen
406 1765 895 1833 acerbissimam
943 1772 1299 1851 egestatem
1355 1772 1508 1835 ante
1554 1765 1781 1846 feram,
1836 1786 2029 1851 quam
2078 1765 2319 1831 famam
2365 1785 2477 1830 ne-

189 1867 393 1953 gligam.
482 1872 583 1937 Ad
650 1873 825 1958 quod
879 1892 984 1939 me
1049 1871 1356 1938 hortatur
1420 1870 1892 1939 Demosthenes
1950 1871 2473 1955 Olynthiacorum

187 1976 340 2041 tertio
396 1978 505 2061 qui
565 1978 696 2043 ait:
789 1979 921 2044 οὔτι
985 1979 1302 2068 σωφρόνων
1379 1968 1521 2043 οὐδὲ
1582 1979 1877 2069 ,γενναίων
1936 1980 2095 2043 ἐστὶν
2154 1977 2479 2067 ἀνθρώπων

182 2082 517 2159 ἐλλείποντάς
562 2108 628 2149 τι
675 2075 746 2149 δι’
796 2074 1026 2149 ἔνδειαν
1071 2082 1394 2173 χρημάτων
1440 2094 1565 2149 τῶν
1612 2092 1721 2149 τοῦ
1766 2084 2033 2172 πολέμου
2096 2087 2348 2173 εὐχερῶς
2392 2084 2477 2149 τοὶ

179 2197 392 2253 τοικῦτα
437 2179 642 2263 ὀνείδη
688 2188 880 2279 φέρειν
919 2191 939 2229 ¹
985 2188 1054 2255 id
1100 2195 1230 2256 est:
1279 2188 1422 2254 Non
1467 2189 1696 2273 utique
1742 2188 2217 2269 modestorum,
2266 2210 2479 2273 neque

183 2310 604 2373 generosorum
649 2302 752 2361 est
797 2294 1151 2375 hominum,
1215 2292 1591 2361 deficientes
1652 2293 1986 2379 quippiam
2031 2300 2300 2379 propter
2344 2294 2484 2361 ino-

183 2396 326 2478 piam
365 2400 788 2483 pecuniarum
834 2400 1007 2480 belli,
1051 2399 1242 2467 facile
1288 2399 1452 2473 talia
1497 2398 1817 2484 opprobia
1861 2399 2022 2484 pati.

327 2505 490 2573 Sane
549 2506 758 2572 multo
813 2506 1090 2571 maxime
1135 2504 1450 2571 Friderici
1496 2504 1697 2572 verba
1742 2525 1845 2571 me
1891 2504 2297 2585 confortant,
2328 2489 2474 2591 'op-

180 2607 298 2675 timi
335 2611 672 2699 Principis,
718 2633 864 2697 quae
909 2617 1061 2678 sunt
1105 2609 1357 2679 oraculi
1409 2630 1609 2694 penes
1654 2630 1759 2676 me
1802 2600 1973 2675 loco':
2029 2610 2205 2689 „Wir
2250 2609 2481 2676 wellen

65 2699 70 2713 '
180 2712 236 2777 In
276 2718 365 2783 nit
404 2717 627 2787 lassen
670 2718 1033 2799 hinziehn“,
1079 2719 1264 2803 cujus
1309 2723 1383 2783 tu
1411 2716 1909 2800 Hierophantes.
2002 2714 2130 2781 Sed
2174 2735 2473 2797 magnam

181 2818 244 2885 de
283 2844 377 2890 me
423 2847 492 2891 es
537 2825 811 2893 meritus
843 2825 1141 2908 gratiam,
1186 2824 1381 2889 immo
1427 2823 1785 2906 ingentem,
1833 2840 2029 2904 quam
2073 2820 2195 2885 tibi
2226 2819 2473 2885 referre

179 2928 422 3011 quidem,
486 2932 628 2997 Deo
691 2929 1116 3010 concedente,
1178 2949 1470 3015 possum3
1535 2935 1607 2994 at
1667 2925 1951 3011 Principi
2006 2946 2135 2991 non
2192 2946 2481 3010 possum,

181 3038 330 3100 certe
374 3037 456 3102 ob
487 3036 1001 3120 magnitudinem
1047 3034 1532 3101 clementissimi
1562 3033 1759 3099 animi
1798 3053 1953 3117 erga
1982 3053 2087 3098 me
2118 3032 2238 3112 sui,
2285 3052 2482 3116 quem

180 3157 276 3219 per
323 3141 667 3225 epistolam
707 3143 734 3183 ²
787 3140 1097 3210 ineffabili
1145 3161 1264 3207 sua
1323 3139 1619 3205 bonitate
1676 3138 1957 3225 ipsemet
2010 3138 2304 3204 mihimet
2358 3138 2485 3223 ipsi

179 3248 449 3329 ostendit,
491 3253 571 3313 et
615 3246 989 3331 Spalatinus
1033 3246 1120 3315 ab
1167 3266 1280 3313 ore
1325 3243 1693 3311 Bernhardi
1752 3242 1835 3311 de
1880 3242 2190 3325 Hirsfeld,
2247 3244 2493 3328 princi-

178 3350 319 3431 palis
373 3352 757 3420 cubicularii
809 3366 1069 3439 quoque
1129 3352 1462 3435 promisit,
1522 3356 1729 3436 tuque
1779 3350 1918 3435 jam
1964 3348 2217 3433 pridem
2262 3348 2483 3415 divina

181 3475 464 3541 responsa
532 3459 726 3543 plane
791 3455 1152 3525 confirmas.
1257 3456 1355 3521 Ne
1421 3456 1624 3541 igitur
1690 3455 1945 3519 interea
2004 3475 2134 3519 non
2200 3473 2480 3536 agerem,

180 3562 328 3643 quod
384 3564 560 3631 foret
615 3562 683 3629 in
726 3563 1086 3648 principem
1130 3562 1547 3647 gratitudinis
1610 3558 1937 3638 indicium,
1999 3558 2311 3623 constitui
2356 3579 2490 3623 me-

179 3685 300 3733 cum
341 3671 444 3735 vel
489 3670 966 3755 aliquantulum
1011 3668 1298 3735 muneris
1345 3668 1404 3735 ei
1450 3666 1577 3733 etsi
1616 3665 1953 3730 minimum
2011 3668 2487 3747 repraesentare
2581 3714 2593 3723 .

181 3774 360 3859 magis
405 3796 605 3863 quam
649 3775 908 3843 omnino
953 3774 1113 3840 nihil
1160 3772 1415 3840 offerre.

331 3882 406 3948 In
451 3890 591 3948 tam
634 3882 832 3966 igitur
875 3880 1058 3949 brevi
1116 3881 1429 3965 temporis
1497 3881 1842 3956 momente,
1900 3879 2089 3941 tanta
2146 3874 2303 3940 licet
2347 3894 2496 3938 con-

183 3990 444 4055 structus
487 3987 790 4054 molestia
835 3993 903 4052 et
947 3992 1082 4053 tam
1125 3985 1527 4069 importabili
1570 4002 1838 4069 pressus
1892 4000 2070 4061 cura,
2130 3986 2350 4046 tamen
2410 3978 2500 4045 ad

182 4088 416 4161 laudem
470 4094 697 4179 inclyti
757 4093 940 4159 ducis
995 4092 1309 4160 Friderici
1374 4090 1782 4173 nationisque
1838 4093 1966 4153 tuae
1986 4136 2001 4167 ‚
2030 4146 2041 4151 -
2066 4086 2263 4151 vitam
2328 4083 2499 4150 Con-

186 4202 427 4266 stantini
472 4202 718 4285 Magni,
777 4200 1095 4285 majorum
1157 4218 1421 4264 suorum
1485 4194 1832 4281 propinqui
1893 4214 1928 4258 e
1974 4212 2181 4277 graeco
2227 4191 2311 4257 in·
2351 4190 2499 4256 lati-

1297 4346 1336 4383 ὓ

315 4440 336 4487 1
375 4433 456 4491 01.
495 4442 544 4503 3,
585 4437 668 4491 20.
815 4439 844 4488 2
887 4433 986 4489 Die
1023 4433 1190 4487 briefe
1228 4434 1320 4485 des
1358 4434 1583 4499 herzogs
1618 4429 1892 4483 Friedrich
1928 4427 2038 4479 und
2076 4426 2341 4495 spalatina
2380 4426 2503 4481 sind
2576 4424 2588 4433 ’

189 4518 331 4575 leider
364 4528 509 4580 nicht
533 4528 785 4580 erhalten.
844 4526 963 4593 vgl.
1002 4526 1136 4575 auch
1175 4530 1336 4574 unten
1374 4524 1436 4572 31
1468 4523 1603 4587 Aug.
1639 4521 1789 4583 1513,
1826 4533 1939 4569 nro.
1968 4516 2176 4567 CLXX.
2244 4568 2249 4576 ,

236 4634 509 4683 Reuchlin
2025 4608 2094 4665 13
