2950 5042
1496 368 1622 435 162

372 560 615 632 Judaeis
646 560 1173 641 condemnatum,
1223 580 1415 645 quem
1450 580 1712 627 sensum
1745 566 1860 629 tua
1885 558 2086 627 verba
2115 558 2360 625 habere
2389 577 2520 626 non
2550 554 2709 622 sine-

370 667 539 733 bam.
631 668 757 733 Fae
785 668 979 751 juxta
1016 685 1226 731 meam
1273 666 1338 730 in
1370 671 1435 733 te
1481 665 1957 749 synceritatem,
2001 670 2143 729 tum
2179 661 2369 730 facile
2415 660 2708 726 omnibus

372 772 565 838 etiam
593 772 959 837 nolentibus
989 770 1369 837 satisfacies
1420 769 1625 836 Valde
1647 770 1932 837 dolerem
1961 768 2016 835 si
2042 774 2190 834 tuos
2213 788 2376 851 quos
2401 766 2710 831 hactenus

370 862 646 959 gloriose
676 876 891 943 vixisti
922 876 1061 942 dies
1082 897 1227 941 cum
1258 873 1534 959 ingloria
1559 895 1942 958 componere
1976 879 2042 941 te
2071 873 2490 956 contingeret.
2555 854 2712 936 Con-

371 979 499 1047 fido
532 988 751 1047 autem
784 981 937 1066 quia
967 980 1116 1064 plus
1149 980 1441 1045 facturus
1472 979 1562 1045 sis
1596 1000 1787 1064 quam
1815 998 1893 1045 ex
1924 984 1989 1044 te
2014 975 2392 1063 desyderari
2418 975 2629 1058 possit
2650 980 2714 1039 et

372 1086 679 1153 citissime
703 1086 1019 1151 calamum
1040 1084 1314 1167 arripies
1342 1090 1407 1149 et
1428 1083 1988 1168 Chalcographum
2017 1103 2402 1166 componere
2433 1080 2710 1146 curabis.

372 1190 531 1257 Vale
578 1197 646 1257 et
689 1197 841 1257 vot-o
887 1189 1077 1255 amici
1123 1188 1219 1255 tui
1263 1208 1442 1273 pare,
1493 1196 1559 1255 et
1602 1211 1764 1273 pace
1809 1188 2004 1272 plena
2049 1187 2302 1255 frueris.
2397 1188 2548 1251 Dat.
2597 1184 2711 1249 Co-

370 1294 557 1361 loniae
605 1295 893 1363 Sabbato
940 1300 1091 1361 ante
1136 1294 1485 1360 Invocavit.
1579 1296 1762 1360 Anno
1817 1298 2003 1359 1512.

542 1436 863 1497 Gedruckt:
916 1442 946 1497 1
984 1457 1068 1490 =
1096 1436 1151 1497 J.
1186 1453 1238 1497 v.
1272 1453 1322 1495 e.
1356 1454 1407 1497 r.
1439 1437 1523 1511 iij.
1561 1440 1598 1496 2
1635 1454 1718 1492 ·.=
1754 1434 1969 1509 MajuS,
2002 1434 2122 1496 vita
2157 1431 2445 1493 Reuchlin
2483 1448 2546 1506 p.
2589 1433 2710 1491 338

372 1542 459 1601 bis
492 1546 641 1601 340.

1358 1834 1363 1838 .
1416 1770 1666 1838 CXLII.

511 1876 661 1928 Gelu.
2185 1874 2250 1923 29
2289 1871 2443 1923 Febr.
2491 1871 2643 1921 1512.

360 1982 697 2055 Decanus
783 1993 1081 2080 totaque
1158 1979 1471 2054 facultas
1550 2005 1779 2055 sacrae
1864 1977 2261 2075 theologiae
2339 1975 2705 2075 generalis

362 2104 587 2177 studii
642 2102 1099 2177 Coloniensis
1168 2102 1461 2203 egregio
1519 2114 1590 2176 et
1644 2102 1862 2176 docto
1931 2102 2092 2175 viro
2165 2100 2466 2174 caesarei
2530 2098 2708 2197 juris

365 2226 650 2300 doctori
722 2226 1005 2300 famoso
1075 2225 1377 2300 domino
1445 2226 1499 2300 J
1502 2225 1784 2299 ohanni
1854 2223 2222 2299 Reuchlin
2297 2221 2704 2297 Suevorum

366 2347 1032 2424 confoederationis
1039 2348 1298 2449 judici,
1322 2350 1648 2423 moranti
1665 2346 2138 2448 Stutgardiae,
2174 2345 2418 2420 amico
2453 2356 2702 2419 nostro

1389 2472 1682 2547 dilecto,

452 2696 457 2700 ,
543 2638 859 2724 Spiritum
923 2646 1175 2707 rectum
1244 2640 1507 2706 innovet
1570 2640 1636 2704 in
1703 2644 1768 2705 te
1835 2636 2134 2705 Christus
2169 2639 2191 2677 ¹
2217 2686 2232 2702 .
2325 2636 2702 2717 Accepimus

362 2744 590 2811 literas
635 2753 801 2827 tuas,
850 2745 1227 2830 spectabilis
1274 2764 1351 2810 ac
1396 2745 1651 2829 egregie
1701 2744 1812 2823 vir,
1862 2764 1942 2807 ex
1987 2742 2222 2827 quibus
2266 2741 2473 2826 probe
2521 2739 2704 2805 intel-

362 2848 621 2935 ligimus
685 2848 751 2916 te
812 2851 896 2917 ab
957 2850 1213 2917 unitate
1270 2855 1512 2915 sanctae
1559 2850 1788 2915 matris
1836 2847 2122 2925 ecclesiae
2169 2868 2296 2912 non
2352 2845 2518 2910 velle
2577 2844 2701 2909 ullo

270 2979 275 2983 ’
362 2961 555 3039 pacto
616 2956 957 3037 recedere,
1020 2955 1137 3035 sed
1193 2957 1259 3021 in
1325 2976 1403 3020 ea
1465 2960 1534 3021 et
1591 2955 1813 3020 vivens
1861 2959 1928 3019 et
1972 2953 2253 3021 moriens
2299 2970 2701 3034 permanere,

365 3060 542 3145 quod
604 3060 820 3141 nobiS,
886 3061 1057 3126 sicut
1120 3081 1161 3125 a
1206 3059 1501 3146 quolibet
1545 3060 1898 3127 christiano
1945 3058 2185 3137 fratre,
2259 3058 2354 3121 ita
2419 3062 2488 3121 et
2536 3076 2703 3120 nunc

360 3167 683 3259 praecipue
746 3188 825 3233 ex
878 3170 945 3231 te
1004 3166 1442 3249 gratissimum
1490 3172 1590 3230 est
1645 3164 1892 3230 audire.
1985 3165 2222 3229 Verum
2283 3162 2438 3246 quia
2481 3170 2702 3227 nostro

363 3277 513 3337 voto
576 3271 852 3337 necdum
913 3276 1013 3336 est
1076 3270 1288 3336 satis
1350 3269 1630 3351 factum,
1690 3275 1768 3334 ut
1821 3267 2198 3335 scandalum
2271 3274 2700 3345 amoveretur,

356 3398 567 3463 neque
614 3376 859 3446 ferrum
904 3381 1201 3442 maneret
1245 3376 1313 3441 in
1358 3375 1644 3455 vulnere,
1691 3370 2030 3441 hortamur
2074 3378 2140 3438 te
2185 3379 2253 3438 et
2284 3371 2700 3437 obsecramus

363 3483 431 3547 in
494 3482 754 3550 Christo
816 3480 1020 3548 Jhesu
1068 3489 1134 3547 et
1190 3481 1608 3567 requirimus,
1668 3486 1744 3546 ut
1801 3501 1988 3546 cures
2036 3462 2360 3564 quatenus
2407 3476 2494 3543 ad
2557 3497 2700 3561 pro-

359 3588 565 3654 ximas
636 3588 958 3654 nundinas
1024 3586 1647 3653 Frankofordienses
1712 3585 1953 3664 libelli,
2022 3584 2078 3649 si
2146 3583 2258 3667 qui
2325 3575 2427 3648 tui
2488 3582 2699 3647 adhuc

363 3698 621 3774 extant,
686 3699 753 3761 et
798 3692 974 3777 apud
1024 3692 1414 3776 bibliopolas
1460 3714 1710 3758 vaenum
1756 3690 2081 3757 habentur
2134 3695 2252 3755 aut
2312 3688 2526 3753 denuo
2585 3688 2697 3752 im·

355 3800 567 3883 pressi
629 3797 965 3865 advectari
1023 3804 1321 3883 possent,
1366 3797 1537 3882 nulli
1583 3797 1861 3882 amplius
1909 3795 2304 3873 vendantur,
2369 3800 2436 3859 et
2481 3793 2696 3879 aliquo

353 3903 703 3970 dictamine
764 3909 917 3971 tuos
962 3904 1215 3993 priores
1260 3923 1543 3985 revoceS,
1589 3923 1737 3970 ores
1784 3923 2040 3989 quoque
2100 3905 2367 3969 cunctos
2422 3899 2536 3985 qui
2586 3897 2694 3963 ha-

1501 4053 1536 4092 ³3

345 4142 621 4195 schmecht
668 4141 842 4194 haben
889 4140 1269 4211 augenspiegel
1320 4142 1411 4193 fol.
1455 4141 1606 4193 XVb.
1691 4141 1936 4193 Gemeint
1996 4140 2139 4193 kann
2200 4140 2336 4191 auch
2386 4140 2501 4192 sein
2557 4140 2686 4205 Aug.

344 4232 438 4281 fol.
478 4232 637 4283 111b.:
677 4230 768 4281 des
806 4232 885 4283 sie
910 4230 1013 4281 dan
1038 4232 1136 4281 mit
1162 4232 1256 4296 jen
1284 4230 1487 4299 (Jesus)
1515 4230 1790 4297 gerechtet
1828 4229 1935 4279 und
1976 4246 2068 4280 vor
2094 4226 2474 4280 kaisserlichem
2500 4228 2688 4279 richter

347 4321 437 4369 ain
474 4315 633 4369 urtail
674 4319 837 4369 wider
874 4320 927 4369 in
967 4318 1238 4371 behaltten
1276 4318 1479 4383 haben,
1517 4318 1737 4371 darumb
1775 4334 1832 4369 er
1867 4319 1971 4369 hab
2011 4318 2181 4368 sollen
2223 4317 2455 4370 sterben.
2533 4317 2684 4367 Dieso

344 4403 617 4472 aulici-ung
650 4408 791 4459 steht
826 4406 1037 4458 freilich
1075 4415 1232 4459 unter
1270 4408 1372 4460 den
1412 4408 1810 4474 schmahungen
1851 4408 1943 4457 der
1969 4407 2152 4473 Juden.

492 4498 517 4548 1
560 4492 710 4545 Ohne
758 4493 1038 4547 aussclnift
1076 4496 1125 4546 3.
