2950 5042
1583 417 1716 484 342

474 613 674 706 phum
721 617 795 680 ut
838 613 1227 699 pithagorici
1284 609 1573 692 tradunt,
1643 608 1796 696 quid
1857 610 2354 693 peragraciones
2416 609 2549 695 ejus
2591 629 2783 676 recen-

476 741 679 800 seam,
744 739 905 806 quas
954 717 1310 804 disciplinae
1358 733 1559 782 causa
1605 714 1954 802 perfecerit
2000 737 2142 782 cum
2190 737 2309 782 nec
2357 714 2784 782 disertissimus

477 824 911 891 Philostratus
973 829 1121 889 octo
1185 822 1443 907 quidem
1507 821 1938 888 voluminibus
2005 821 2168 887 satis
2214 821 2653 908 expediverit?
2705 820 2788 884 In-

482 931 683 996 travit
729 929 983 1008 Persas,
1032 928 1451 1013 pertransivit
1499 926 1880 1006 Caucasum,
1933 925 2237 1005 Albanos,
2285 927 2530 1011 Scytas‚
2575 926 2790 991 Massa-

478 1041 679 1122 getae,
725 1033 1093 1118 penetravit
1140 1031 1334 1098 Indes
1382 1031 1839 1098 Brachononas
1896 1034 1913 1070 ¹
1964 1031 2278 1098 accedens
2324 1038 2400 1098 ut
2445 1031 2694 1097 Jarcam
2734 1029 2790 1093 in

479 1139 711 1206 throno
759 1138 1092 1205 sedentem
1152 1159 1352 1205 aureo
1414 1145 1481 1203 et
1546 1137 1626 1202 de
1688 1135 1948 1202 Tantali
2012 1137 2190 1203 fonte
2252 1142 2584 1221 potantem
2645 1135 2794 1200 inter

478 1265 721 1332 paucos
770 1243 1120 1328 discipulos
1166 1243 1245 1309 de
1292 1249 1552 1325 natura,
1609 1242 1689 1308 de
1737 1241 2026 1308 moribus
2073 1265 2150 1310 ac
2199 1243 2278 1308 de
2327 1233 2522 1310 cursu
2569 1241 2793 1306 dierum

479 1373 557 1417 ac
591 1350 876 1418 siderum
910 1349 1171 1417 audiret
1202 1349 1627 1416 disserentem
1645 1347 1690 1430 ²,
1734 1348 1886 1414 inde
1919 1369 2037 1433 per
2069 1347 2401 1427 ElamitaS,
2435 1345 2796 1424 Babilonios,
2916 1363 2917 1372 ¹

484 1454 826 1536 chaldeos,
886 1454 1129 1536 Medos,
1182 1455 1500 1540 AssyriOS,
1547 1453 1845 1534 Parthos,
1894 1454 2106 1540 Syros,
2155 1453 2510 1533 Phoenices,
2559 1451 2798 1528 Arabes,

480 1559 841 1628 Palestinos
888 1565 1186 1626 reversus
1232 1560 1317 1626 ad
1352 1557 1834 1625 Allexandriam
1885 1560 2174 1643 perrexit
2218 1558 2301 1625 ad
2353 1557 2746 1644 Aethiopiam
2779 1555 2798 1592 ³

480 1672 553 1734 ut
600 1666 1162 1753 gymnosophistas
1210 1666 1481 1732 videret.

661 1772 907 1840 Horum
952 1771 1155 1856 igitur
1198 1771 1409 1838 instar
1468 1771 1536 1836 hi
1593 1771 1802 1838 nostri
1848 1769 2186 1836 laureandi
2247 1792 2374 1856 quo
2423 1771 2676 1838 facilius
2716 1790 2798 1834 ra-

484 1899 677 1951 mum,
708 1878 1063 1944 dextimum
1111 1877 1532 1962 pithagoricae
1578 1875 1820 1942 laureae
1866 1884 2257 1960 superarent
2305 1875 2400 1960 (et
2448 1877 2520 1943 id
2565 1875 2794 1962 quidem
2918 1961 2919 1966 ἵ

484 1983 637 2050 dum
696 1982 833 2050 sola
878 1982 1303 2071 ,philosophia
1367 1983 1744 2048 moderetur
1802 1981 2019 2065 facile)
2081 1983 2290 2048 multa
2352 1991 2624 2069 propter
2681 2001 2796 2046 eam
2918 2005 2919 2022 ι

484 2095 715 2173 sponte
760 2094 1246 2155 contemserunt
1292 2088 1530 2173 quibus
1575 2087 1872 2173 plerique
1919 2088 2200 2154 maxime
2248 2088 2634 2173 gloriantur,
2682 2107 2796 2152 cum

485 2194 788 2279 Dyogene
836 2194 1205 2274 societates,
1248 2216 1397 2260 cum
1445 2193 1718 2260 Thalete
1765 2194 2135 2274 avariciam,
2181 2215 2328 2261 cum
2375 2195 2620 2262 Zaione
2650 2195 2676 2232 ⁴
2717 2211 2793 2257 var

486 2298 681 2385 gandi
724 2305 1000 2380 motum,
1061 2321 1209 2366 cum
1258 2299 1521 2366 Melisso
1569 2298 2078 2379 multitudinem,
2144 2300 2426 2386 denique
2481 2323 2628 2368 cum
2675 2299 2793 2366 Car-

486 2403 694 2472 neade
741 2405 961 2472 luxum
1008 2398 1453 2490 deposuerunt
1512 2412 1580 2472 et
1619 2404 2128 2490 impudeuciam,
2194 2413 2268 2472 ut
2311 2406 2584 2473 tandem
2627 2403 2797 2492 philo-

487 2510 731 2598 sophiae
796 2511 1219 2578 sanctissimae
1284 2531 1473 2597 quam
1536 2509 1930 2578 affectarunt
1978 2511 2021 2592 ⁵,
2087 2511 2326 2578 saltem
2393 2535 2530 2579 non
2576 2509 2800 2595 ‚indigui
2920 2533 2921 2588 ]

490 2616 787 2702 discipuli
824 2617 1307 2701 judicarentur,
1373 2617 1616 2703 quippe
1663 2638 1808 2702 quae
1853 2616 2260 2704 philosophia
2305 2617 2522 2685 solum
2567 2619 2802 2685 beatum

484 2722 645 2790 facit
702 2723 1023 2789 hominem
1084 2722 1516 2808 caelitibusque
1575 2722 2032 2806 intelligenciis
2091 2725 2556 2808 proximiorem
2571 2775 2588 2805 ,
2645 2721 2803 2789 intel·
2919 2705 2921 2744 ³

486 2829 727 2896 lectum
772 2827 1100 2894 illuminat
1145 2834 1218 2894 ut
1262 2829 1457 2908 sciat,
1519 2827 1825 2894 affectum
1871 2828 2230 2896 inflammat
2273 2838 2350 2896 ut
2393 2831 2582 2911 velit,
2641 2849 2804 2915 opem

488 2934 775 3018 suggerit
820 2941 897 3000 ut
939 2935 1167 3018 possit.
1258 2935 1534 3000 Demum
1596 2935 1881 3001 institnit
1925 2942 2000 3000 ut
2045 2943 2274 3021 crepat
2318 2937 2680 3003 mutatione
2721 2954 2805 2999 co-

488 3039 698 3106 munit
742 3045 817 3106 ut
861 3039 1172 3124 quiescat,
1218 3040 1482 3124 regibus
1525 3040 1960 3126 prudentiam,
2005 3041 2322 3108 militibus
2360 3042 2806 3118 fortitudinem,

488 3146 875 3231 praetoribus
909 3145 1235 3230 justitiam
1253 3195 1270 3225 ,
1334 3145 1746 3230 pontificibus
1807 3148 2306 3232 temperantiam
2351 3147 2652 3214 omnibus
2695 3167 2806 3211 om-

490 3251 601 3318 nia
641 3257 917 3337 praestat
962 3252 1299 3318 commoda
1334 3253 1359 3292 ⁶
1405 3258 1680 3337 praestat
1723 3253 1881 3319 item
1929 3254 2144 3320 omnia
2187 3275 2332 3339 quae
2379 3255 2656 3340 quisque
2697 3250 2809 3316 vol-

490 3357 603 3436 vit,
646 3356 840 3424 modo
904 3357 992 3423 sit
1042 3357 1451 3442 investigata,
1511 3355 1708 3425 modo
1771 3359 1860 3425 sit
1920 3359 2214 3440 inventa,
2279 3359 2474 3426 modo
2542 3360 2628 3426 sit
2685 3355 2809 3423 dili·

487 3461 862 3548 gentissime
920 3470 1321 3529 conservata.
1412 3463 1604 3543 Quod
1661 3463 1717 3530 si
1778 3465 1984 3532 amico
2049 3466 2279 3532 stricte·
2337 3465 2806 3551 acquiescimus

486 3569 631 3653 ipsa
676 3565 777 3634 dis
808 3567 1157 3636 celestibus
1189 3569 1366 3635 haud
1396 3590 1627 3654 parum
1677 3576 1777 3636 est
1807 3571 2240 3654 praestantior,
2287 3593 2434 3638 cum
2481 3572 2572 3638 sit
2601 3570 2806 3637 horum

487 3693 723 3740 munus
770 3674 945 3758 quod
990 3675 1275 3756 vivimus,
1322 3674 1496 3741 illius
1544 3682 1762 3742 autem
1794 3676 1970 3761 quod
2015 3677 2179 3743 bene
2210 3677 2503 3744 vivimus.
2585 3677 2652 3743 Si
2677 3695 2808 3760 poe-

488 3780 575 3846 tis
618 3778 1063 3846 auscultamus
1109 3780 1251 3866 ipsa
1310 3787 1411 3847 est
1458 3803 1538 3847 ex
1593 3783 1806 3867 capite
1851 3783 2030 3850 Jovis
2087 3784 2316 3866 optimi
2374 3782 2639 3849 maximi
2679 3800 2807 3866 pro-

490 3893 748 3965 creata;
794 3886 892 3952 sin
938 3886 1363 3954 Hebraeorum
1396 3887 1821 3972 sapientibus,
1866 3888 2010 3973 ipsa
2043 3897 2144 3955 est
2187 3888 2404 3956 lumen
2449 3888 2650 3955 divini
2692 3883 2805 3948 vul-

488 3998 593 4057 tus
642 3999 709 4057 et
754 3991 1061 4076 splendor
1107 3992 1349 4059 domini
1394 3993 1502 4060 dei
1535 3993 1748 4061 nostri
1791 3995 1904 4080 qui
1951 4015 2150 4078 super
2193 4016 2310 4061 nos
2359 3993 2724 4062 effunditur.

640 4173 661 4217 1
720 4153 1070 4221 Brachonona
1119 4171 1393 4222 saccedens
1443 4188 1614 4233 mser„
1659 4113 1904 4240 {omnint
1953 4171 2026 4223 ist
2077 4135 2382 4238 jedenfalls:
2441 4171 2803 4228 Brachmanos3

488 4256 605 4308 eine
640 4271 775 4323 ganz
812 4257 1057 4310 ahnliohe
1092 4259 1243 4310 stelle
1278 4259 1385 4326 vgl.
1426 4260 1560 4311 oben
1599 4275 1640 4310 s.
1687 4261 1766 4310 15.
1913 4264 1941 4310 2
1985 4261 2053 4311 So
2092 4260 2367 4312 vermuthe
2411 4260 2524 4325 ich,
2570 4264 2695 4311 statt
2726 4257 2802 4306 des

488 4343 1016 4396 unverstaudliehenz
1052 4346 1223 4398 detete
1260 4363 1411 4399 mser.
1535 4351 1564 4398 3
1601 4349 1663 4398 In
1699 4347 1867 4400 einem
1905 4353 2062 4399 ποι-ιε
2103 4365 2256 4399 mser.
2381 4353 2414 4399 4
2445 4347 2518 4400 So
2553 4343 2801 4399 nochmals

490 4427 721 4480 deutlich
769 4447 851 4480 am
896 4434 1043 4483 rand.
1192 4437 1221 4483 ἴ)
1262 4435 1379 4487 Von
1430 4437 1543 4486 hier
1585 4453 1654 4487 an
1697 4435 1792 4488 das
1835 4435 2080 4504 folgeude
2127 4435 2234 4486 bis:
2291 4437 2408 4500 Quo
2441 4436 2506 4487 fit
2542 4451 2626 4486 am
2663 4431 2800 4488 rande

488 4515 609 4564 roth
644 4521 1025 4584 agesti-ichen.
1172 4527 1203 4575 6
1242 4525 1419 4574 omnia
1454 4540 1533 4592 pr.
1572 4539 1762 4578 comm.
1801 4526 1922 4578 roth'
1959 4523 2366 4580 untcrstrichen.
