<?xml version="1.0" encoding="UTF-8"?>
<!DOCTYPE html PUBLIC "-//W3C//DTD XHTML 1.0 Transitional//EN"
    "http://www.w3.org/TR/xhtml1/DTD/xhtml1-transitional.dtd">
<html xmlns="http://www.w3.org/1999/xhtml" xml:lang="en" lang="en">
 <head>
  <title>
</title>
<meta http-equiv="Content-Type" content="text/html;charset=utf-8" />
  <meta name='ocr-system' content='tesseract 3.04.00' />
  <meta name='ocr-capabilities' content='ocr_page ocr_carea ocr_par ocr_line ocrx_word'/>
</head>
<body>
  <div class='ocr_page' id='page_1' title='image "./johannreuchlins00geiggoog/johannreuchlins00geiggoog_0369.png"; bbox 0 0 2950 5042; ppageno 0'>
   <div class='ocr_carea' id='block_1_1' title="bbox 1262 343 1474 456">
    <p class='ocr_par' dir='ltr' id='par_1_1' title="bbox 1262 343 1474 456">
     <span class='ocr_line' id='line_1_1' title="bbox 1262 343 1474 456; baseline 0 -1"><span class='ocrx_word' id='word_1_1' title='bbox 1262 343 1269 348; x_wconf 60' lang='grc'><strong>’</strong></span> <span class='ocrx_word' id='word_1_2' title='bbox 1344 389 1474 456; x_wconf 80' lang='lat'>359</span> 
     </span>
    </p>
   </div>
   <div class='ocr_carea' id='block_1_2' title="bbox 186 581 2582 2228">
    <p class='ocr_par' dir='ltr' id='par_1_2' title="bbox 186 581 2582 1933">
     <span class='ocr_line' id='line_1_2' title="bbox 188 581 2575 671; baseline 0.001 -21"><span class='ocrx_word' id='word_1_3' title='bbox 188 647 195 650; x_wconf 84' lang='lat'>.</span> <span class='ocrx_word' id='word_1_4' title='bbox 246 582 521 650; x_wconf 87' lang='lat' dir='ltr'>maxima</span> <span class='ocrx_word' id='word_1_5' title='bbox 564 605 687 670; x_wconf 81' lang='lat' dir='ltr'>pro</span> <span class='ocrx_word' id='word_1_6' title='bbox 734 588 921 671; x_wconf 85' lang='lat' dir='ltr'>parte</span> <span class='ocrx_word' id='word_1_7' title='bbox 982 581 1194 652; x_wconf 87' lang='lat' dir='ltr'>bonus</span> <span class='ocrx_word' id='word_1_8' title='bbox 1253 587 1380 661; x_wconf 85' lang='lat' dir='ltr'>est,</span> <span class='ocrx_word' id='word_1_9' title='bbox 1443 585 1760 666; x_wconf 86' lang='lat' dir='ltr'>sequatur</span> <span class='ocrx_word' id='word_1_10' title='bbox 1801 581 1925 650; x_wconf 89' lang='lat' dir='ltr'>Dei</span> <span class='ocrx_word' id='word_1_11' title='bbox 1983 583 2230 650; x_wconf 86' lang='lat' dir='ltr'>monita</span> <span class='ocrx_word' id='word_1_12' title='bbox 2289 584 2402 671; x_wconf 85' lang='lat' dir='ltr'>qui</span> <span class='ocrx_word' id='word_1_13' title='bbox 2455 585 2575 652; x_wconf 86' lang='lat' dir='ltr'>ait:</span> 
     </span>
     <span class='ocr_line' id='line_1_3' title="bbox 247 686 2578 777; baseline 0.002 -24"><span class='ocrx_word' id='word_1_14' title='bbox 247 688 429 754; x_wconf 84' lang='lat' dir='ltr'>Beati</span> <span class='ocrx_word' id='word_1_15' title='bbox 471 688 740 775; x_wconf 87' lang='lat' dir='ltr'>pacifici,</span> <span class='ocrx_word' id='word_1_16' title='bbox 788 689 1090 777; x_wconf 87' lang='lat' dir='ltr'>quoniam</span> <span class='ocrx_word' id='word_1_17' title='bbox 1136 689 1252 754; x_wconf 87' lang='lat' dir='ltr'>filii</span> <span class='ocrx_word' id='word_1_18' title='bbox 1285 689 1404 754; x_wconf 90' lang='lat' dir='ltr'>Dei</span> <span class='ocrx_word' id='word_1_19' title='bbox 1452 686 1881 770; x_wconf 80' lang='lat' dir='ltr'>vocabuntur;</span> <span class='ocrx_word' id='word_1_20' title='bbox 1927 695 2274 758; x_wconf 77' lang='lat' dir='ltr'><strong>veneretur</strong></span> <span class='ocrx_word' id='word_1_21' title='bbox 2317 696 2578 758; x_wconf 87' lang='lat' dir='ltr'>sanctos</span> 
     </span>
     <span class='ocr_line' id='line_1_4' title="bbox 245 793 2575 879; baseline 0.002 -20"><span class='ocrx_word' id='word_1_22' title='bbox 245 795 501 878; x_wconf 81' lang='lat' dir='ltr'><strong>angelos</strong></span> <span class='ocrx_word' id='word_1_23' title='bbox 562 804 901 862; x_wconf 79' lang='lat' dir='ltr'><strong>canentes:</strong></span> <span class='ocrx_word' id='word_1_24' title='bbox 962 802 1030 861; x_wconf 85' lang='lat' dir='ltr'>et</span> <span class='ocrx_word' id='word_1_25' title='bbox 1092 796 1343 862; x_wconf 88' lang='lat' dir='ltr'>interea</span> <span class='ocrx_word' id='word_1_26' title='bbox 1406 815 1537 879; x_wconf 86' lang='lat' dir='ltr'>pax</span> <span class='ocrx_word' id='word_1_27' title='bbox 1599 793 1966 862; x_wconf 89' lang='lat' dir='ltr'>hominibus</span> <span class='ocrx_word' id='word_1_28' title='bbox 2019 798 2058 861; x_wconf 84' lang='lat'>¹.</span> <span class='ocrx_word' id='word_1_29' title='bbox 2152 795 2296 863; x_wconf 86' lang='lat' dir='ltr'>Cito</span> <span class='ocrx_word' id='word_1_30' title='bbox 2357 802 2575 863; x_wconf 87' lang='lat' dir='ltr'>autem</span> 
     </span>
     <span class='ocr_line' id='line_1_5' title="bbox 243 898 2582 988; baseline 0.001 -22"><span class='ocrx_word' id='word_1_31' title='bbox 243 907 435 986; x_wconf 88' lang='lat' dir='ltr'>atque</span> <span class='ocrx_word' id='word_1_32' title='bbox 482 902 613 967; x_wconf 86' lang='lat' dir='ltr'>cito</span> <span class='ocrx_word' id='word_1_33' title='bbox 659 903 1035 986; x_wconf 86' lang='lat' dir='ltr'>interponat</span> <span class='ocrx_word' id='word_1_34' title='bbox 1078 900 1439 968; x_wconf 86' lang='lat' dir='ltr'>amicabilis</span> <span class='ocrx_word' id='word_1_35' title='bbox 1491 898 1727 966; x_wconf 79' lang='lat' dir='ltr'>arbitri</span> <span class='ocrx_word' id='word_1_36' title='bbox 1775 900 1946 968; x_wconf 86' lang='lat' dir='ltr'>vices</span> <span class='ocrx_word' id='word_1_37' title='bbox 1991 908 2059 966; x_wconf 88' lang='lat' dir='ltr'>et</span> <span class='ocrx_word' id='word_1_38' title='bbox 2105 923 2174 968; x_wconf 90' lang='lat' dir='ltr'>se</span> <span class='ocrx_word' id='word_1_39' title='bbox 2221 909 2409 988; x_wconf 84' lang='lat' dir='ltr'>gerat</span> <span class='ocrx_word' id='word_1_40' title='bbox 2448 921 2582 975; x_wconf 50' lang='lat' dir='ltr'>mee</span> 
     </span>
     <span class='ocr_line' id='line_1_6' title="bbox 246 1005 2580 1092; baseline 0.002 -22"><span class='ocrx_word' id='word_1_41' title='bbox 246 1005 577 1073; x_wconf 89' lang='lat' dir='ltr'>diatorem.</span> <span class='ocrx_word' id='word_1_42' title='bbox 669 1007 985 1074; x_wconf 81' lang='lat' dir='ltr'>Polliceor</span> <span class='ocrx_word' id='word_1_43' title='bbox 1032 1006 1261 1072; x_wconf 83' lang='lat' dir='ltr'>ducem</span> <span class='ocrx_word' id='word_1_44' title='bbox 1310 1013 1600 1072; x_wconf 88' lang='lat' dir='ltr'>nostrum</span> <span class='ocrx_word' id='word_1_45' title='bbox 1650 1005 1960 1092; x_wconf 86' lang='lat' dir='ltr'>quiequid</span> <span class='ocrx_word' id='word_1_46' title='bbox 2007 1006 2350 1073; x_wconf 78' lang='lat' dir='ltr'>dictaverit</span> <span class='ocrx_word' id='word_1_47' title='bbox 2395 1006 2580 1074; x_wconf 85' lang='lat' dir='ltr'>obse-</span> 
     </span>
     <span class='ocr_line' id='line_1_7' title="bbox 186 1111 2575 1199; baseline 0.001 -21"><span class='ocrx_word' id='word_1_48' title='bbox 186 1122 193 1129; x_wconf 87' lang='lat'>&#39;</span> <span class='ocrx_word' id='word_1_49' title='bbox 242 1120 608 1196; x_wconf 87' lang='lat' dir='ltr'>quuturum.</span> <span class='ocrx_word' id='word_1_50' title='bbox 689 1114 785 1180; x_wconf 88' lang='lat' dir='ltr'>Tu</span> <span class='ocrx_word' id='word_1_51' title='bbox 833 1123 1003 1192; x_wconf 82' lang='lat' dir='ltr'>vero,</span> <span class='ocrx_word' id='word_1_52' title='bbox 1061 1112 1296 1196; x_wconf 83' lang='lat' dir='ltr'>Georgi</span> <span class='ocrx_word' id='word_1_53' title='bbox 1342 1111 1732 1178; x_wconf 76' lang='lat' dir='ltr'>amicissime</span> <span class='ocrx_word' id='word_1_54' title='bbox 1779 1112 2081 1193; x_wconf 84' lang='lat' dir='ltr'>omnium,</span> <span class='ocrx_word' id='word_1_55' title='bbox 2125 1112 2575 1199; x_wconf 83' lang='lat' dir='ltr'>frequentibus</span> 
     </span>
     <span class='ocr_line' id='line_1_8' title="bbox 240 1216 2579 1304; baseline 0 -20"><span class='ocrx_word' id='word_1_56' title='bbox 240 1217 537 1301; x_wconf 85' lang='lat' dir='ltr'>precibus</span> <span class='ocrx_word' id='word_1_57' title='bbox 578 1219 755 1285; x_wconf 89' lang='lat' dir='ltr'>insta</span> <span class='ocrx_word' id='word_1_58' title='bbox 800 1225 1163 1304; x_wconf 87' lang='lat' dir='ltr'>opportune</span> <span class='ocrx_word' id='word_1_59' title='bbox 1205 1218 1594 1302; x_wconf 85' lang='lat' dir='ltr'>importune,</span> <span class='ocrx_word' id='word_1_60' title='bbox 1639 1224 1714 1284; x_wconf 86' lang='lat' dir='ltr'>nt</span> <span class='ocrx_word' id='word_1_61' title='bbox 1751 1216 2027 1284; x_wconf 87' lang='lat' dir='ltr'>illustris</span> <span class='ocrx_word' id='word_1_62' title='bbox 2058 1217 2189 1285; x_wconf 86' lang='lat' dir='ltr'>dux</span> <span class='ocrx_word' id='word_1_63' title='bbox 2219 1240 2366 1286; x_wconf 84' lang='lat' dir='ltr'>eum</span> <span class='ocrx_word' id='word_1_64' title='bbox 2395 1239 2579 1304; x_wconf 82' lang='lat' dir='ltr'>spee-</span> 
     </span>
     <span class='ocr_line' id='line_1_9' title="bbox 239 1321 2575 1408; baseline 0.001 -20"><span class='ocrx_word' id='word_1_65' title='bbox 239 1321 549 1392; x_wconf 84' lang='lat' dir='ltr'>tabilibus</span> <span class='ocrx_word' id='word_1_66' title='bbox 606 1323 1017 1392; x_wconf 87' lang='lat' dir='ltr'>senatoribus</span> <span class='ocrx_word' id='word_1_67' title='bbox 1080 1325 1215 1391; x_wconf 87' lang='lat' dir='ltr'>suis</span> <span class='ocrx_word' id='word_1_68' title='bbox 1276 1325 1536 1408; x_wconf 88' lang='lat' dir='ltr'>utrique</span> <span class='ocrx_word' id='word_1_69' title='bbox 1594 1323 1768 1408; x_wconf 86' lang='lat' dir='ltr'>parti</span> <span class='ocrx_word' id='word_1_70' title='bbox 1817 1323 2080 1390; x_wconf 80' lang='lat' dir='ltr'>scribat.</span> <span class='ocrx_word' id='word_1_71' title='bbox 2173 1323 2346 1390; x_wconf 88' lang='lat' dir='ltr'>Nihil</span> <span class='ocrx_word' id='word_1_72' title='bbox 2391 1345 2575 1392; x_wconf 85' lang='lat' dir='ltr'>sanc-</span> 
     </span>
     <span class='ocr_line' id='line_1_10' title="bbox 238 1427 2575 1514; baseline 0.001 -20"><span class='ocrx_word' id='word_1_73' title='bbox 238 1429 361 1494; x_wconf 83' lang='lat' dir='ltr'>tius</span> <span class='ocrx_word' id='word_1_74' title='bbox 408 1429 629 1496; x_wconf 77' lang='lat' dir='ltr'>saoere</span> <span class='ocrx_word' id='word_1_75' title='bbox 672 1429 917 1514; x_wconf 88' lang='lat' dir='ltr'>poteris</span> <span class='ocrx_word' id='word_1_76' title='bbox 979 1429 1139 1498; x_wconf 87' lang='lat' dir='ltr'>nihil</span> <span class='ocrx_word' id='word_1_77' title='bbox 1190 1431 1327 1496; x_wconf 92' lang='lat' dir='ltr'>Deo</span> <span class='ocrx_word' id='word_1_78' title='bbox 1374 1428 1746 1508; x_wconf 86' lang='lat' dir='ltr'>amabilius,</span> <span class='ocrx_word' id='word_1_79' title='bbox 1813 1435 1889 1496; x_wconf 87' lang='lat' dir='ltr'>ut</span> <span class='ocrx_word' id='word_1_80' title='bbox 1947 1427 2258 1496; x_wconf 76' lang='lat' dir='ltr'>defendas</span> <span class='ocrx_word' id='word_1_81' title='bbox 2305 1429 2575 1497; x_wconf 87' lang='lat' dir='ltr'>Christi-</span> 
     </span>
     <span class='ocr_line' id='line_1_11' title="bbox 238 1533 2574 1613; baseline 0 -13"><span class='ocrx_word' id='word_1_82' title='bbox 238 1557 391 1602; x_wconf 86' lang='lat' dir='ltr'>anos</span> <span class='ocrx_word' id='word_1_83' title='bbox 438 1535 729 1602; x_wconf 88' lang='lat' dir='ltr'>homines</span> <span class='ocrx_word' id='word_1_84' title='bbox 776 1557 817 1600; x_wconf 97' lang='lat' dir='ltr'>a</span> <span class='ocrx_word' id='word_1_85' title='bbox 862 1535 1031 1602; x_wconf 86' lang='lat' dir='ltr'>tanti</span> <span class='ocrx_word' id='word_1_86' title='bbox 1077 1535 1405 1602; x_wconf 86' lang='lat' dir='ltr'>homicidii</span> <span class='ocrx_word' id='word_1_87' title='bbox 1452 1533 1922 1613; x_wconf 80' lang='lat' dir='ltr'>vicissitudine,</span> <span class='ocrx_word' id='word_1_88' title='bbox 1985 1556 2027 1599; x_wconf 93' lang='lat' dir='ltr'>a</span> <span class='ocrx_word' id='word_1_89' title='bbox 2071 1539 2260 1602; x_wconf 86' lang='lat' dir='ltr'>tanta</span> <span class='ocrx_word' id='word_1_90' title='bbox 2319 1533 2574 1602; x_wconf 85' lang='lat' dir='ltr'>christi-</span> 
     </span>
     <span class='ocr_line' id='line_1_12' title="bbox 238 1639 2569 1726; baseline 0 -20"><span class='ocrx_word' id='word_1_91' title='bbox 238 1641 339 1706; x_wconf 83' lang='lat' dir='ltr'>ani</span> <span class='ocrx_word' id='word_1_92' title='bbox 387 1640 415 1681; x_wconf 79' lang='lat'>⁸</span> <span class='ocrx_word' id='word_1_93' title='bbox 462 1641 797 1726; x_wconf 79' lang='lat' dir='ltr'>sanguinis</span> <span class='ocrx_word' id='word_1_94' title='bbox 854 1641 1245 1725; x_wconf 81' lang='lat' dir='ltr'>profusione.</span> <span class='ocrx_word' id='word_1_95' title='bbox 1337 1642 1439 1706; x_wconf 94' lang='lat' dir='ltr'>Da</span> <span class='ocrx_word' id='word_1_96' title='bbox 1487 1641 1736 1707; x_wconf 85' lang='lat' dir='ltr'>veniam</span> <span class='ocrx_word' id='word_1_97' title='bbox 1789 1639 1832 1706; x_wconf 76' lang='lat'>³.</span> <span class='ocrx_word' id='word_1_98' title='bbox 1877 1642 2192 1708; x_wconf 81' lang='lat' dir='ltr'>Desertus</span> <span class='ocrx_word' id='word_1_99' title='bbox 2247 1662 2386 1708; x_wconf 85' lang='lat' dir='ltr'>sum</span> <span class='ocrx_word' id='word_1_100' title='bbox 2443 1663 2569 1710; x_wconf 89' lang='lat' dir='ltr'>non</span> 
     </span>
     <span class='ocr_line' id='line_1_13' title="bbox 241 1744 2571 1832; baseline 0 -20"><span class='ocrx_word' id='word_1_101' title='bbox 241 1745 543 1814; x_wconf 87' lang='lat' dir='ltr'>disertus.</span> <span class='ocrx_word' id='word_1_102' title='bbox 623 1746 785 1814; x_wconf 88' lang='lat' dir='ltr'>Vale</span> <span class='ocrx_word' id='word_1_103' title='bbox 818 1747 1243 1832; x_wconf 74' lang='lat' dir='ltr'>Stuttgardioe</span> <span class='ocrx_word' id='word_1_104' title='bbox 1284 1747 1494 1832; x_wconf 85' lang='lat' dir='ltr'>pridie</span> <span class='ocrx_word' id='word_1_105' title='bbox 1535 1746 1680 1813; x_wconf 90' lang='lat' dir='ltr'>idus</span> <span class='ocrx_word' id='word_1_106' title='bbox 1714 1744 2132 1831; x_wconf 87' lang='lat' dir='ltr'>Septembris,</span> <span class='ocrx_word' id='word_1_107' title='bbox 2175 1767 2346 1814; x_wconf 88' lang='lat' dir='ltr'>anno</span> <span class='ocrx_word' id='word_1_108' title='bbox 2382 1752 2571 1814; x_wconf 82' lang='lat'>1519.</span> 
     </span>
     <span class='ocr_line' id='line_1_14' title="bbox 1218 1850 2480 1933; baseline -0.002 -13"><span class='ocrx_word' id='word_1_109' title='bbox 1218 1853 1318 1920; x_wconf 83' lang='lat' dir='ltr'>Jo.</span> <span class='ocrx_word' id='word_1_110' title='bbox 1368 1850 1712 1932; x_wconf 82' lang='lat' dir='ltr'>Renchlin,</span> <span class='ocrx_word' id='word_1_111' title='bbox 1759 1851 2179 1933; x_wconf 84' lang='lat' dir='ltr'>Phoreensis‚</span> <span class='ocrx_word' id='word_1_112' title='bbox 2225 1852 2292 1918; x_wconf 91' lang='lat'>11.</span> <span class='ocrx_word' id='word_1_113' title='bbox 2339 1852 2480 1922; x_wconf 85' lang='lat' dir='ltr'>doc.</span> 
     </span>
    </p>

    <p class='ocr_par' dir='ltr' id='par_1_3' title="bbox 406 1961 2564 2038">
     <span class='ocr_line' id='line_1_15' title="bbox 406 1961 2564 2038; baseline -0.001 -13"><span class='ocrx_word' id='word_1_114' title='bbox 406 1963 789 2026; x_wconf 82' lang='lat' dir='ltr'>Handschrift</span> <span class='ocrx_word' id='word_1_115' title='bbox 826 1964 937 2025; x_wconf 82' lang='lat' dir='ltr'>des</span> <span class='ocrx_word' id='word_1_116' title='bbox 981 1965 1207 2024; x_wconf 81' lang='lat' dir='ltr'>Berner</span> <span class='ocrx_word' id='word_1_117' title='bbox 1248 1962 1690 2036; x_wconf 51' lang='lat' dir='ltr'>staatsarchivffi</span> <span class='ocrx_word' id='word_1_118' title='bbox 1737 1962 2019 2038; x_wconf 80' lang='lat' dir='ltr'>Epistolae</span> <span class='ocrx_word' id='word_1_119' title='bbox 2063 1963 2242 2022; x_wconf 83' lang='lat' dir='ltr'>variae</span> <span class='ocrx_word' id='word_1_120' title='bbox 2270 1963 2438 2024; x_wconf 83' lang='lat' dir='ltr'>XVII</span> <span class='ocrx_word' id='word_1_121' title='bbox 2466 1961 2564 2023; x_wconf 65' lang='lat' dir='ltr'>fol.</span> 
     </span>
    </p>

    <p class='ocr_par' dir='ltr' id='par_1_4' title="bbox 238 2069 1419 2228">
     <span class='ocr_line' id='line_1_16' title="bbox 238 2069 441 2146; baseline 0 -16"><span class='ocrx_word' id='word_1_122' title='bbox 238 2071 315 2130; x_wconf 83' lang='lat'>48</span> <span class='ocrx_word' id='word_1_123' title='bbox 360 2069 441 2146; x_wconf 78' lang='lat' dir='ltr'>fg.</span> 
     </span>
     <span class='ocr_line' id='line_1_17' title="bbox 1382 2189 1419 2228; baseline 0 -8"><span class='ocrx_word' id='word_1_124' title='bbox 1382 2189 1419 2228; x_wconf 69' lang='grc'>*</span> 
     </span>
    </p>
   </div>
   <div class='ocr_carea' id='block_1_3' title="bbox 236 2275 2569 2508">
    <p class='ocr_par' dir='ltr' id='par_1_5' title="bbox 236 2275 2569 2508">
     <span class='ocr_line' id='line_1_18' title="bbox 378 2275 2569 2332; baseline -0.001 -4"><span class='ocrx_word' id='word_1_125' title='bbox 378 2282 403 2328; x_wconf 82' lang='lat'><em>1</em></span> <span class='ocrx_word' id='word_1_126' title='bbox 434 2277 664 2330; x_wconf 74' lang='lat' dir='ltr'>Hieratis</span> <span class='ocrx_word' id='word_1_127' title='bbox 694 2277 825 2329; x_wconf 66' lang='lat' dir='ltr'>:wei</span> <span class='ocrx_word' id='word_1_128' title='bbox 863 2277 1291 2332; x_wconf 74' lang='lat' dir='ltr'>durchstriehene</span> <span class='ocrx_word' id='word_1_129' title='bbox 1326 2284 1491 2330; x_wconf 77' lang='lat' dir='ltr'>worte</span> <span class='ocrx_word' id='word_1_130' title='bbox 1526 2278 1580 2328; x_wconf 90' lang='lat' dir='ltr'>in</span> <span class='ocrx_word' id='word_1_131' title='bbox 1619 2275 1709 2328; x_wconf 85' lang='lat' dir='ltr'>der</span> <span class='ocrx_word' id='word_1_132' title='bbox 1745 2277 2094 2330; x_wconf 75' lang='lat' dir='ltr'>handsehrift.</span> <span class='ocrx_word' id='word_1_133' title='bbox 2202 2281 2232 2328; x_wconf 78' lang='lat'><strong>2</strong></span> <span class='ocrx_word' id='word_1_134' title='bbox 2271 2277 2372 2331; x_wconf 78' lang='lat' dir='ltr'>Die</span> <span class='ocrx_word' id='word_1_135' title='bbox 2406 2276 2569 2330; x_wconf 69' lang='lat' dir='ltr'>hand-</span> 
     </span>
     <span class='ocr_line' id='line_1_19' title="bbox 237 2364 2569 2433; baseline 0 -17"><span class='ocrx_word' id='word_1_136' title='bbox 237 2367 444 2420; x_wconf 78' lang='lat' dir='ltr'>schrift:</span> <span class='ocrx_word' id='word_1_137' title='bbox 485 2372 633 2418; x_wconf 75' lang='lat' dir='ltr'>tante</span> <span class='ocrx_word' id='word_1_138' title='bbox 668 2367 985 2432; x_wconf 74' lang='lat' dir='ltr'>christi⁸n03</span> <span class='ocrx_word' id='word_1_139' title='bbox 1025 2367 1154 2420; x_wconf 76' lang='lat' dir='ltr'>fiber</span> <span class='ocrx_word' id='word_1_140' title='bbox 1192 2367 1309 2419; x_wconf 84' lang='lat' dir='ltr'>dem</span> <span class='ocrx_word' id='word_1_141' title='bbox 1346 2383 1377 2418; x_wconf 88' lang='lat' dir='ltr'>o</span> <span class='ocrx_word' id='word_1_142' title='bbox 1414 2366 1556 2418; x_wconf 81' lang='lat' dir='ltr'>steht</span> <span class='ocrx_word' id='word_1_143' title='bbox 1591 2365 1716 2418; x_wconf 82' lang='lat' dir='ltr'>aber</span> <span class='ocrx_word' id='word_1_144' title='bbox 1753 2366 1837 2417; x_wconf 85' lang='lat' dir='ltr'>ein</span> <span class='ocrx_word' id='word_1_145' title='bbox 1887 2364 2099 2433; x_wconf 81' lang='lat' dir='ltr'>ipunkt.</span> <span class='ocrx_word' id='word_1_146' title='bbox 2216 2369 2246 2417; x_wconf 83' lang='grc'>3</span> <span class='ocrx_word' id='word_1_147' title='bbox 2272 2365 2372 2417; x_wconf 83' lang='lat' dir='ltr'>Die</span> <span class='ocrx_word' id='word_1_148' title='bbox 2405 2364 2569 2418; x_wconf 70' lang='lat' dir='ltr'>hand-</span> 
     </span>
     <span class='ocr_line' id='line_1_20' title="bbox 236 2453 809 2508; baseline 0.002 -4"><span class='ocrx_word' id='word_1_149' title='bbox 236 2453 417 2506; x_wconf 80' lang='lat' dir='ltr'>sebrift</span> <span class='ocrx_word' id='word_1_150' title='bbox 454 2457 551 2508; x_wconf 78' lang='lat' dir='ltr'>hat</span> <span class='ocrx_word' id='word_1_151' title='bbox 584 2455 809 2507; x_wconf 61' lang='lat' dir='ltr'>veniam.</span> 
     </span>
    </p>
   </div>
  </div>
 </body>
</html>
