2950 5042
1247 391 1332 456 45

155 585 216 643 ut
245 580 371 661 jam
417 579 572 644 mihi
615 579 877 645 futurus
938 580 1023 646 sis
1072 579 1240 646 alter
1288 601 1434 662 ego,
1502 579 1851 646 inviderem
1908 581 2133 668 utique
2192 581 2308 648 tibi
2354 586 2455 646 tot

156 705 296 749 nova
339 705 475 767 quae
521 683 709 750 nobis
758 685 1044 768 quotidie
1091 685 1260 750 istac
1307 683 1687 762 afferuntur,
1750 685 1941 752 modo
1988 687 2215 752 auditu
2262 686 2453 751 modo

157 790 274 854 visu
316 790 518 872 digna.
613 791 899 855 Primum
955 792 974 828 ¹
1021 789 1180 855 illud
1251 790 1466 855 nescio
1516 789 1671 873 quid
1716 789 1797 854 de
1858 799 2074 876 strage
2122 791 2457 856 Gallorum

157 901 210 959 et
247 896 372 978 ejus
417 896 588 977 regis
623 894 872 960 difficili
921 895 1142 960 salute·
1179 895 1361 959 caesis
1394 893 1775 961 Insubribus
1818 894 2114 976 obtenta;
2162 905 2297 962 tum
2338 895 2455 962 ali·

157 1020 316 1082 quem
358 1000 606 1065 militiae
655 1000 926 1066 Venetae
988 1000 1322 1066 ductorem
1383 1021 1511 1065 non
1556 1001 1693 1065 sine
1742 1021 2005 1067 suorum
2050 1001 2318 1068 interitu
2361 1000 2455 1067 in-

157 1103 476 1184 terfectum,
537 1105 771 1171 deinde
829 1105 1376 1189 Parthenopeium
1427 1110 1831 1188 regnatorem
1878 1105 2149 1190 Neapoli
2196 1106 2456 1173 restitu-

156 1215 282 1273 tum.
365 1210 503 1287 Quo
556 1211 712 1276 mihi
760 1209 1020 1295 quidem
1067 1209 1274 1276 videri
1323 1208 1563 1276 debeat
1608 1209 1769 1276 illud
1822 1231 2135 1297 perquam
2190 1217 2455 1277 venuste

160 1315 444 1396 cecidisse,
494 1315 674 1400 quod
705 1317 823 1383 abs
869 1322 935 1382 te
968 1337 1224 1400 quoque
1273 1315 1701 1381 animadverti
1746 1317 1960 1401 potuit
1992 1322 2066 1383 ut
2097 1314 2182 1382 ab
2211 1315 2455 1383 insultu
2558 1315 2569 1328 ’

160 1419 253 1485 hoc
280 1442 458 1504 quem
492 1421 982 1502 destinavimus,
1029 1421 1309 1506 Imperio
1341 1426 1564 1487 nostro
1596 1420 2056 1505 quiescendum
2098 1423 2200 1487 sit.
2276 1421 2456 1487 Heus

161 1531 214 1588 tu
257 1547 391 1590 num
457 1526 532 1592 id
589 1528 684 1593 ita
739 1529 975 1611 putas?
1051 1527 1151 1591 An
1206 1527 1374 1593 forte
1431 1547 1687 1610 semper
1742 1525 2247 1609 belligerandum
2312 1525 2458 1592 est?

165 1628 235 1694 Tu
267 1636 479 1696 tamen
526 1631 1029 1715 prudentissime
1078 1632 1302 1711 facies,
1365 1633 1418 1699 si
1481 1631 1567 1697 ad
1616 1652 1840 1717 pacem
1889 1653 2031 1716 quae
2094 1630 2457 1698 conducant

174 1738 544 1816 persuadeas,
611 1737 728 1802 sed
787 1743 994 1804 terret
1051 1744 1306 1803 exteros
1351 1735 1629 1802 forsitan
1680 1736 1931 1820 inquies
1976 1736 2287 1802 horribile
2334 1736 2456 1802 hoc

176 1859 376 1908 examen
426 1842 926 1909 Germanorum.
1017 1843 1336 1926 Equidem
1385 1863 1510 1907 non
1560 1862 1700 1907 sum
1746 1841 2001 1907 nescius
2050 1842 2203 1926 quin
2258 1842 2458 1906 conti·

166 1946 267 2010 neri
307 1947 538 2014 vestris
586 1947 820 2012 finibus
869 1947 1302 2031 aegreferatiS,
1351 1947 1634 2012 maxime
1683 1967 1828 2012 cum
1879 1967 2006 2012 non
2072 1969 2147 2012 ex
2196 1946 2459 2013 fortuna

161 2051 247 2115 sed
285 2075 354 2117 ex
399 2055 648 2119 virtute
695 2054 1108 2137 pendeamus.
1201 2053 1352 2118 Sola
1399 2051 1777 2117 recordatio
1810 2051 2117 2118 Germani
2164 2051 2457 2130 nominis,

157 2178 256 2222 una
281 2158 382 2224 illa
417 2159 592 2243 regis
625 2158 831 2225 nostri
863 2157 1324 2249 confoederatio
1361 2157 1402 2234 ²,
1451 2155 1552 2221 vel
1600 2156 1902 2223 minimus
1949 2159 2072 2222 iste
2104 2177 2327 2223 rumor
2356 2177 2457 2222 ar·—

155 2282 362 2328 morum
423 2265 890 2348 Teutonicique
949 2269 1330 2348 apparatus,
1395 2262 1600 2327 tantis
1656 2261 1896 2328 ictibus
1945 2263 2181 2344 Regem
2228 2261 2457 2327 Galliae

153 2367 418 2449 pulsavit,
467 2375 541 2434 ut
589 2369 754 2452 fugae
800 2369 1110 2434 auxilium
1156 2369 1211 2433 is
1258 2367 1519 2433 tandem
1566 2366 1963 2433 commodius
2010 2365 2132 2432 sibi
2180 2366 2457 2432 duxerit.

157 2471 293 2548 Quid
333 2475 576 2558 igitur?
624 2475 648 2513 ³
695 2474 1150 2540 cessabimus?
1197 2495 1280 2539 an
1327 2494 1454 2539 non
1502 2471 1841 2538 frudamur
1872 2471 2185 2538 facultate
2234 2477 2460 2538 nostra

157 2575 248 2641 illa
273 2579 514 2664 inclyta
554 2581 778 2663 stipati
824 2579 1046 2644 multis
1093 2578 1468 2645 fortissimis
1517 2582 1711 2662 atque
1761 2577 2020 2661 optimis
2067 2576 2263 2641 viris?
2332 2575 2461 2642 Sed

154 2685 367 2750 cavesis
436 2683 522 2748 ad
584 2685 915 2768 scopulum
982 2685 1334 2768 impangaS.
1445 2683 1612 2748 Audi
1677 2681 2145 2767 quambenigne
2208 2700 2457 2745 mecum

155 2786 235 2852 his
277 2789 502 2854 diebus
549 2795 763 2855 actum
813 2791 928 2869 sit;
987 2811 1154 2869 nam,
1213 2811 1358 2855 cum
1405 2789 1554 2854 istic
1601 2795 1666 2853 te
1716 2809 1861 2852 cum
1906 2807 1945 2852 e
1992 2784 2324 2852 sodalibus
2373 2790 2456 2864 et,

161 2894 304 2974 quod
348 2895 549 2974 aiunt,
597 2895 820 2960 amicis
865 2896 1027 2961 meis
1074 2895 1371 2963 inventus
1419 2899 1592 2958 esset
1622 2893 1652 2931 ⁴
1681 2900 1815 2958 tam
1860 2889 2167 2976 praesenti
2212 2909 2290 2954 ac
2320 2895 2457 2954 tam

160 2998 246 3080 pio
286 2999 704 3065 humanitatis
751 2999 960 3066 officio
1014 3000 1332 3084 praeditus
1381 2999 1665 3065 omnium
1721 3017 1907 3062 nemo
1956 2996 2068 3080 qui
2120 3015 2331 3079 neque
2378 2993 2458 3059 de

159 3103 324 3171 rebus
368 3106 497 3171 illis
543 3106 724 3170 novis
769 3107 836 3170 in
881 3104 1076 3171 Italia
1121 3105 1373 3189 pridem
1421 3105 1623 3188 gestis
1670 3121 1889 3188 neque·
1927 3102 2006 3168 de
2054 3101 2460 3192 comitiorum

161 3216 488 3276 vestrorum
536 3211 925 3294 spectaculis
971 3210 1336 3276 illustribus
1383 3231 1485 3275 me
1518 3215 1692 3274 tecto
1726 3215 1792 3274 et
1823 3206 2055 3274 umbra
2087 3205 2259 3272 domi
2292 3225 2461 3270 com-

160 3323 490 3382 morantem
551 3316 575 3354 ⁵
639 3317 858 3401 aliqua
920 3338 998 3381 ex
1061 3323 1251 3400 parte
1317 3315 1565 3380 faceret
1635 3315 2005 3392 certiorem,
2071 3312 2237 3377 hanc
2304 3309 2461 3376 mihi

160 3421 490 3488 molestiam
535 3420 944 3506 percogitans
991 3422 1252 3501 accessi,
1301 3426 1393 3485 ut·
1421 3441 1591 3505 saepe
1639 3419 1815 3485 soleo
1862 3417 2224 3501 Apollinem
2254 3437 2461 3481 meum

163 3523 305 3590 illum
347 3529 699 3612 poeticum,
763 3548 954 3611 quem
999 3527 1114 3593 ubi
1160 3527 1412 3592 cithara
1473 3523 1749 3590 demulsi
1807 3545 1925 3608 pro
1986 3542 2165 3587 more
2213 3541 2461 3604 proque

165 3628 446 3713 dignitate
507 3633 814 3716 perquiro
877 3638 1011 3697 tam
1073 3633 1305 3696 seriem
1367 3637 1694 3714 gestorum
1756 3627 1958 3692 Italiae
2014 3647 2208 3710 quam
2268 3623 2459 3688 finem

168 3738 595 3817 gerundorum,
659 3744 732 3802 ut
778 3739 886 3822 qui
933 3737 1212 3802 humano
1265 3757 1521 3802 caream
1569 3734 1801 3800 solatio
1848 3753 1975 3796 non
2024 3731 2221 3795 etiam
2266 3728 2464 3794 desti-

168 3846 290 3906 tuar
331 3843 562 3917 divino.
653 3827 806 3908 Haec
855 3863 970 3925 ego
1018 3849 1233 3906 tecum
1278 3863 1395 3926 pro
1443 3839 1750 3906 amiciciae
1796 3857 2003 3920 nuper
2046 3836 2222 3900 initae
2255 3833 2279 3872 ⁶
2310 3833 2464 3916 legi-

172 3942 266 4012 bns
308 3955 369 4014 et
417 3931 780 4014 arctissima
827 3947 1272 4013 familiaritate
1317 3947 1564 4030 loquor.
1656 3943 1866 4008 Offert
1927 3941 2036 4006 ille
2096 3939 2241 4004 istis
2298 3938 2461 4004 meis

1287 4081 1318 4114 *

293 4149 309 4192 1
345 4143 445 4194 Fiir
483 4144 629 4196 diese
665 4142 982 4210 politischcn
1021 4142 1370 4192 verhssltuisse
1407 4141 1656 4190 verweise
1696 4138 1781 4188 ich
1822 4136 1913 4187 der
1949 4135 2111 4186 kiirze
2151 4133 2334 4184 halben·
2374 4131 2470 4182 auf

173 4227 389 4282 Haltaus:
443 4233 751 4299 geschichte
788 4231 1120 4282 Maximilian
1159 4231 1198 4294 1,
1243 4229 1462 4295 Leipzig
1507 4230 1656 4291 1850,
1696 4241 1736 4276 s.
1783 4227 1881 4275 115
1920 4223 1972 4274 ff.
2107 4227 2135 4273 2
2177 4221 2285 4272 Dei·
2320 4219 2465 4271 hund

173 4331 224 4366 zu
243 4319 462 4388 venedig
492 4322 644 4372 1495.
687 4320 910 4370 Haltaus
938 4337 979 4370 s.
1013 4322 1125 4370 133.
1238 4321 1266 4368 3
1309 4318 1481 4382 agitur
1510 4321 1557 4367 2.
1672 4321 1698 4364 4
1742 4319 1921 4362 essent
1946 4316 1992 4362 2.
2104 4313 2135 4361 5
2174 4309 2293 4375 Vgl.
2334 4306 2462 4356 iiber

175 4403 294 4456 disse
338 4409 440 4460 und
483 4409 676 4460 andere
736 4408 924 4459 stellen
972 4407 1065 4458 des
1117 4404 1513 4459 briefwechsels
1566 4403 1659 4452 mit
1712 4400 1861 4453 Wolf
1910 4415 2015 4448 von
2067 4397 2459 4458 Hei-mansgriin

173 4495 316 4547 meins
350 4498 469 4550 Mel.
510 4515 586 4549 or.
625 4514 667 4551 s.
707 4502 774 4547 44
811 4498 894 4549 bis
933 4499 1017 4548 46.
1148 4497 1178 4544 6
1217 4494 1396 4543 invitae
1436 4497 1487 4544 2.
