2950 5042
1600 390 1733 457 228

494 581 738 665 itaque,
782 587 858 646 ut
903 580 1026 647 hac
1076 579 1380 645 molestia
1441 600 1545 645 me
1592 580 1856 660 liberes,
1923 579 2263 665 literisque
2309 580 2437 647 tuis
2481 581 2788 648 certiorem

490 707 596 751 me
639 685 878 753 reddas
925 684 1468 771 quemadmodum
1514 708 1683 751 nunc
1734 693 1950 753 tecum
2000 691 2249 769 agatur,
2298 686 2525 770 quidve
2569 686 2788 752 roboris

493 790 740 857 habeat
784 789 1114 856 definitiva
1179 790 1294 855 illa
1362 792 1693 857 sententia
1734 791 1937 875 Spirae
2005 812 2124 875 pro
2184 797 2251 857 te
2298 797 2537 876 tuoque
2580 791 2790 857 honore

492 896 889 963 defensando
938 896 1092 961 lata.
1160 897 1400 981 Accepi
1446 918 1679 981 nempe
1728 919 1867 963 rem
1912 897 1993 962 de
2039 918 2205 963 novo
2250 897 2314 961 in
2366 898 2524 963 urbe
2556 897 2793 980 agitari;

493 1002 618 1069 fuit
663 1003 819 1067 mihi
859 1008 956 1079 ,et
1019 1002 1210 1067 fratri
1257 1002 1553 1068 Conrado
1602 1002 1927 1069 Pellicano
1975 1002 2433 1086 Rubeaquensi
2488 1003 2593 1087 qui
2634 1023 2793 1085 supe-

492 1108 776 1175 rioribus
823 1108 1050 1173 diebus
1097 1107 1273 1193 apud
1316 1129 1435 1173 nos
1481 1107 1607 1173 fuit
1653 1108 1732 1172 de
1782 1115 1846 1173 te
1880 1130 2091 1175 sermo
2124 1114 2191 1173 et
2221 1108 2465 1174 multus
2498 1114 2563 1173 et
2591 1108 2794 1173 varius.

493 1212 946 1279 Gratissimum
993 1214 1214 1298 itaque
1261 1214 1419 1277 mihi
1464 1214 1714 1292 feceris,
1761 1214 1819 1279 si
1865 1213 1945 1279 de
1993 1214 2163 1279 omni
2210 1235 2279 1279 re
2327 1220 2445 1279 tua
2490 1214 2795 1278 certiorem

493 1340 596 1392 me
646 1318 1028 1398 reddideriS,
1076 1340 1202 1385 non
1263 1340 1418 1385 sane
1467 1318 1641 1403 quod
1678 1321 1699 1357 ¹
1748 1325 1884 1383 tam
1934 1325 2248 1403 appetens
2299 1320 2421 1384 sim
2454 1319 2796 1395 novitatum,

492 1424 607 1491 sed
654 1425 1002 1505 duntaxat,
1071 1432 1144 1491 ut
1206 1425 1485 1491 habeam
1550 1425 1723 1509 quod
1788 1446 1937 1490 vere
1998 1426 2300 1509 objiciam
2345 1422 2794 1491 detractoribus

493 1532 626 1597 tuis
695 1536 762 1596 et
824 1538 1080 1615 partem
1140 1532 1665 1598 adversariorum
1729 1538 1991 1597 tuorum
2056 1529 2581 1598 defendentibus·
2662 1527 2795 1593 Vale

494 1642 536 1701 4
581 1657 784 1703 nonas
831 1637 1132 1703 Octobris
1184 1642 1373 1703 1524.

671 1764 816 1824 Msc.
849 1763 1153 1840 Ellenbog.
1185 1764 1286 1823 lib.
1319 1764 1378 1823 11
1407 1767 1576 1842 epist.
1616 1769 1692 1825 71
1728 1764 1828 1828 fol.
1869 1761 2050 1825 147b.

1432 2024 1890 2092 CLXXXXIV.

638 2110 919 2178 stuttgm.
2360 2114 2391 2161 s
2436 2110 2562 2162 okt.
2609 2109 2735 2158 1514.

487 2200 539 2275 J
543 2225 817 2273 oannes
852 2198 1220 2274 Reuchlin
1256 2202 1695 2276 Phorcensis
1749 2202 1957 2277 fratri
1988 2201 2305 2275 Nicolao
2340 2198 2709 2293 Ellenbog
2734 2192 2786 2267 S.

666 2362 814 2450 Noli
860 2364 1131 2431 obsecro
1181 2366 1260 2431 de
1307 2387 1452 2431 mea
1500 2387 1698 2433 causa
1744 2366 1933 2433 nimis
1966 2388 2106 2432 esse
2141 2364 2485 2431 sollicitus.
2564 2363 2626 2429 Si
2656 2359 2795 2425 enim

490 2469 661 2554 pilus
693 2466 968 2536 hominis
1001 2492 1126 2537 non
1159 2470 1336 2537 cadit
1379 2472 1446 2535 in
1495 2479 1741 2538 terram
1770 2473 1907 2538 sine
1940 2472 2149 2556 patris
2179 2470 2547 2549 voluntate,
2592 2468 2796 2553 quanto
2907 2470 2908 2502 ³

487 2576 698 2641 minus
767 2582 982 2661 caput.
1079 2578 1168 2642 Mi
1227 2578 1512 2658 Nicolae,
1579 2580 1795 2644 omnia
1858 2577 2384 2662 cooperabuntur
2444 2576 2513 2639 in
2581 2573 2797 2638 bonum.

489 2682 754 2748 Obtinui
801 2683 1192 2748 sententiam
1239 2683 1637 2748 diffinitivam
1694 2705 1888 2768 quam
1929 2682 2331 2766 theologistae
2380 2702 2577 2766 aequo
2622 2677 2801 2743 animo

485 2785 656 2854 ferre
702 2809 831 2854 non
875 2794 1164 2873 possunt,
1215 2810 1415 2873 quare
1464 2789 1771 2855 dicebant
1818 2809 1887 2853 se
1936 2787 2365 2873 appellavisse
2412 2787 2505 2852 ad
2542 2788 2566 2826 2
2612 2781 2801 2849 sedem

414 2880 422 2883 ’
485 2892 928 2977 apostolicam.
1023 2893 1150 2960 Sed
1197 2916 1344 2959 cum
1389 2896 1485 2959 ita
1532 2914 1797 2960 causam
1844 2894 2332 2978 suspenderent,
2382 2913 2615 2960 omnes
2658 2885 2804 2955 docti

485 3020 736 3064 mecum
783 2999 976 3083 hujus
1022 3000 1340 3084 opinionis
1387 3007 1540 3066 sunt
1584 3002 1759 3086 quod
1803 3022 1930 3066 non
1975 3000 2255 3065 libenter
2298 3000 2361 3061 in
2411 2998 2663 3063 curiam
2704 2994 2803 3058 Ro·
2903 3044 2904 3066 1

485 3124 764 3186 manam‚
810 3105 921 3171 ubi
966 3112 1120 3171 sunt
1163 3108 1284 3172 viri
1330 3107 1705 3187 doctissimi,
1743 3106 1990 3191 judicio
2039 3105 2459 3171 contendunt.
2556 3104 2639 3168 Et
2679 3099 2804 3164 ideo

489 3228 688 3275 causa
756 3230 884 3274 non
929 3218 1299 3295 prosecuta,
1365 3218 1438 3277 ut
1502 3212 1675 3296 vulgi
1720 3232 1913 3277 aures
1972 3212 2299 3296 oppleant,
2364 3208 2806 3275 invocaverunt
2901 3262 2902 3291 ἒ

489 3334 708 3395 regem
775 3315 1062 3381 Franciae
1128 3340 1250 3401 per
1313 3317 1752 3384 confessorem
1817 3339 1933 3384 seu
2000 3318 2215 3383 verius
2274 3312 2804 3400 poenitentiarium
2900 3292 2902 3348 l

487 3440 674 3486 suum
711 3419 736 3460 ³
780 3423 1125 3506 quemdam
1174 3423 1445 3489 fratrem
1494 3423 1573 3487 de
1620 3422 1846 3489 ordine
1878 3422 2401 3507 praedica-torum,
2448 3428 2527 3487 ut
2572 3413 2806 3485 mandet

486 3523 787 3592 facultati
844 3527 1195 3593 Parisiensi
1251 3528 1489 3593 librum
1549 3550 1765 3593 meum
1825 3528 1936 3612 qui
1996 3528 2233 3594 dicitur
2296 3527 2591 3594 ecclesiae
2650 3541 2804 3589 scan·
2898 3524 2900 3527 ⁴

482 3629 746 3696 dalosus
794 3633 1240 3698 condemnent.
1319 3634 1421 3698 Illi
1469 3634 1688 3699 stolidi
1736 3634 2036 3699 doctores
2083 3633 2330 3719 absque
2380 3630 2804 3699 commissione

485 3735 621 3803 ulla
669 3738 1149 3820 ecclesiastica,
1216 3740 1352 3805 sine
1399 3739 1810 3820 auctoritate,
1882 3761 2002 3805 sua
2046 3746 2275 3824 sponte
2325 3761 2395 3806 se
2441 3739 2802 3822 ingerentoS,

485 3846 559 3907 ut
605 3844 1053 3927 complaceant
1100 3844 1465 3912 Coloniensi
1512 3844 1846 3926 facultati,
1906 3866 2104 3931 quam
2150 3843 2494 3929 appellant
2542 3857 2803 3909 sororem

485 3968 670 4013 suam
715 3954 783 4013 et
812 3948 1114 4015 doctores
1147 3957 1383 4015 vocant
1413 3951 1794 4032 confratres,
1840 3950 2132 4017 homines
2164 3949 2653 4036 suspectissimi,
2695 3962 2803 4009 non

482 4053 920 4136 intelligentes
964 4053 1248 4139 linguam
1293 4058 1729 4138 germanicam
1775 4056 1842 4120 in
1890 4078 2019 4141 qua
2064 4058 2383 4141 scriptum
2428 4062 2534 4123 est
2564 4052 2803 4120 oculare

485 4158 837 4242 speculum,
883 4179 1094 4244 neque
1138 4161 1745 4244 interpretationem
1776 4161 2300 4228 adversariorum
2341 4183 2635 4229 meorum
2678 4173 2804 4221 cum

1636 4306 1670 4345 *

632 4411 655 4457 1
701 4408 817 4471 Quo
854 4422 1008 4462 mscr.
1157 4414 1185 4461 2
1225 4411 1309 4463 Ad
1345 4412 1545 4480 ausgel.
1583 4429 1739 4467 mscr.
1889 4420 1919 4469 3
1958 4414 2067 4470 Das
2114 4413 2187 4471 ist
2223 4412 2475 4473 wilhelm
2510 4414 2665 4480 Petit,
2700 4408 2799 4464 dem

481 4489 647 4545 Faber
684 4493 768 4546 dic
807 4503 1327 4568 entgegengesetzten
1376 4503 1745 4570 gesinnungen
1792 4507 2110 4572 auschreibt,
2164 4524 2209 4560 s·
2248 4524 2297 4559 o.
2336 4523 2447 4560 nro,
2491 4498 2797 4559 CLXXXXI·
2890 4562 2892 4567 .

2884 4828 2891 5015 1
