2950 5042
1309 371 1441 440 309

216 583 343 630 cum
384 563 447 629 in
486 561 838 632 Germania
882 561 1303 650 Raymundus
1352 561 1520 631 divae
1566 563 1894 632 memoriae
1927 561 2292 632 Cardinalis
2337 564 2407 632 P.
2455 565 2519 632 S.

218 668 415 734 Mariae
472 691 647 735 novae
701 669 989 756 legatum
1045 668 1220 736 sedis
1278 667 1655 754 apostolice
1719 675 2000 754 gereret,
2058 668 2174 738 ubi
2234 690 2350 754 ego
2409 670 2520 738 ille

216 775 515 856 Reuchiin,
562 776 673 860 qui
720 781 787 842 et
818 775 1127 860 capnion,
1171 773 1329 842 nihil
1364 775 1530 842 lucri
1575 774 1660 842 de
1692 773 1972 842 ecclesia
2003 795 2303 860 sperans;
2347 796 2526 844 eram

213 881 378 960 enim,
421 887 493 946 ut
538 901 697 962 sum,
748 881 1331 948 ecclesiasticorum
1367 879 1828 951 beneficiorum
1863 885 1930 948 et
1959 888 2386 966 proventuum
2431 882 2525 950 in-

210 985 411 1068 dignus
464 993 533 1054 et
590 987 895 1071 incapax,
952 986 1154 1054 laicus
1224 993 1291 1054 et
1354 986 1651 1076 digamus
1699 1007 1908 1073 neque
1954 1007 2226 1072 usquam
2273 985 2522 1073 aliquid
2615 977 2653 1054 ,ζ

204 1099 421 1174 praeter
462 1092 585 1158 XII
632 1113 834 1178 agnos
879 1091 987 1158 dei
1032 1092 1370 1178 recipiens.
1441 1091 1877 1162 Nihilominus
1929 1099 2151 1160 tamen
2195 1093 2262 1160 in
2310 1099 2523 1161 extre·

207 1217 358 1262 mum
411 1197 771 1282 periculum
838 1203 1213 1266 constanter
1257 1198 1444 1282 posui
1490 1203 1558 1264 et
1603 1198 1802 1264 vitam
1851 1203 1918 1266 et
1963 1204 2172 1266 totam
2217 1198 2315 1265 rei
2357 1217 2519 1265 mese

206 1299 515 1370 familiaris
572 1301 1143 1391 quantulacunque
1204 1309 1309 1370 est
1367 1303 1804 1370 substantiam
1863 1309 2096 1372 contra
2149 1303 2519 1388 potentissi-

204 1427 339 1487 mos,
384 1427 502 1492 pro
552 1408 829 1476 ecclesia
858 1409 1167 1488 Romana,
1221 1414 1506 1476 testante
1550 1407 1663 1476 illo
1709 1405 1936 1478 eodem
1982 1408 2518 1476 reverendissimo

204 1511 331 1580 divo
387 1513 765 1600 Raymundo
823 1535 944 1599 per
1010 1515 1261 1598 signum
1322 1514 1568 1599 proprii
1636 1513 2056 1600 chirographi
2091 1517 2113 1556 ¹
2159 1535 2239 1582 ac
2285 1535 2515 1582 manus

204 1639 317 1684 suae
366 1618 793 1705 multiplicem
857 1619 1426 1704 subscriptionem,
1487 1641 1682 1704 quam
1751 1619 1854 1688 his
1897 1619 2105 1687 literis
2159 1619 2516 1688 introclusi.

201 1726 273 1790 At
312 1741 503 1810 quam
550 1723 813 1794 fortiter
858 1731 927 1792 et
972 1724 1467 1810 magnanimiter
1513 1723 1951 1792 dimicaverim
1998 1746 2118 1810 pro
2165 1725 2320 1794 sede
2366 1747 2520 1812 apo-

198 1829 407 1898 stolica
452 1849 571 1918 ego
606 1837 673 1898 et
702 1831 909 1900 laicus
957 1837 1025 1898 et
1069 1831 1363 1917 digamus
1412 1839 1480 1898 et
1525 1829 1704 1900 nulla
1733 1829 1916 1898 lucra
1959 1831 2084 1896 nisi
2130 1829 2348 1898 divina
2379 1852 2522 1916 spe-

198 1956 348 2018 rans,
393 1959 473 2003 ex
518 1936 621 2004 his
667 1936 932 2004 inclusis
986 1957 1319 2022 cognosce,
1366 1957 1537 2023 quae
1584 1943 1655 2003 et
1699 1935 1903 2004 oculis
1949 1955 2179 2004 cernas
2227 1943 2294 2004 et
2337 1957 2522 2006 sanc-

197 2040 421 2109 tissimo
454 2042 655 2110 Leoni
690 2042 1019 2123 ostendas,
1050 2041 1347 2110 obtestor
1392 2048 1461 2108 et
1507 2041 1797 2123 obsecre,
1831 2047 1906 2108 ut
1950 2042 2236 2125 supersit
2282 2041 2514 2110 saltem

194 2145 395 2234 aliqua
463 2145 799 2232 gratitudo
875 2148 1051 2231 apud
1118 2147 1338 2215 sedem
1386 2149 1762 2228 Romanam,
1825 2154 2231 2233 quapropter
2290 2149 2511 2216 caeteri

196 2252 447 2334 posthac
494 2252 711 2319 eidem
756 2252 1139 2320 benefacere
1184 2253 1562 2320 invitentur.
1655 2252 1839 2319 Auch
1897 2252 2104 2318 durch
2151 2254 2328 2320 seine
2379 2254 2516 2322 wie-

197 2356 719 2425 senschaftlichen
782 2357 1143 2444 leistungen
1202 2358 1309 2427 fiir
1363 2359 1469 2426 die
1517 2357 1914 2444 griechische
1957 2357 2093 2426 und
2139 2357 2521 2426 hebraische

196 2463 449 2547 sprache
497 2462 671 2531 habe
718 2485 790 2528 er
834 2463 974 2530 sich
1019 2485 1125 2530 um
1173 2464 1279 2532 die
1309 2464 1532 2532 kirche
1580 2463 1874 2530 verdient
1902 2463 2218 2550 gemacht,
2265 2464 2522 2531 endlich

196 2567 381 2636 durch
442 2571 623 2638 aeine
683 2574 767 2637 28
818 2569 1010 2655 jahre
1046 2569 1071 2608 ²
1137 2570 1289 2654 lang
1356 2569 1504 2635 dem
1571 2569 2074 2655 predigerorden
2132 2570 2520 2636 erwieeeuen

196 2680 406 2742 treuen
452 2676 729 2744 dienste.
821 2675 1233 2760 Stutgardiae‚
1276 2675 1363 2741 id.
1411 2675 1569 2742 Nor.
1624 2678 1813 2741 1518.

358 2801 689 2863 Handschr.
738 2819 825 2860 =
868 2801 1024 2863 Berl.
1073 2815 1241 2862 mscr.
1290 2799 1390 2861 fol.
1438 2805 1550 2874 263
1601 2802 1638 2862 2
1678 2817 1758 2854 τ·-
1790 2797 2190 2872 Friedlander‚
2260 2798 2519 2874 beitrage

198 2921 239 2965 s.
284 2909 361 2970 83
409 2908 503 2969 bis
550 2909 655 2970 85.

1176 3179 1535 3291 chva.

317 3315 692 3368 ottenbenren.
2012 3313 2073 3362 19
2115 3310 2246 3362 Nor.
2293 3313 2448 3362 1518.

196 3402 439 3481 Frater
462 3402 825 3482 Nicolaus
849 3397 1227 3500 Ellenbog
1246 3401 1298 3474 J
1301 3400 1528 3474 oanni
1551 3363 1920 3476 Reuchlin
1947 3397 2349 3474 Phorcensi
2365 3425 2422 3472 s.
2443 3398 2515 3473 d.

362 3568 599 3636 Paucis
630 3566 976 3634 admodum
998 3566 1351 3632 transactis
1378 3563 1608 3629 diebus
1635 3561 1662 3601 ⁸
1694 3559 1843 3628 dedi
1871 3561 1959 3628 ad
1992 3568 2058 3628 te
2090 3563 2333 3643 literae,
2363 3563 2526 3629 inte-

201 3676 465 3756 gerrime
516 3673 627 3752 vir,
675 3672 910 3758 quibus
955 3692 1170 3737 meum
1199 3670 1266 3735 in
1312 3675 1378 3735 te
1424 3669 1712 3734 animum
1757 3669 2239 3752 paratissimum
2288 3667 2524 3746 detexi,

197 3779 379 3846 immo
427 3777 673 3845 dudum
704 3778 825 3845 tibi
869 3783 1091 3843 notam
1126 3775 1526 3842 voluntatem
1573 3774 1638 3840 iu
1686 3772 1861 3840 nullo
1893 3775 2303 3839 immutatam
2335 3772 2523 3850 scias,

196 3886 283 3950 tui
328 3887 499 3952 enim
562 3884 838 3950 nominis
898 3890 964 3948 et
1027 3881 1289 3948 honoris
1334 3900 1697 3965 praeconem
1757 3900 1859 3943 me
1919 3899 2062 3945 esse
2109 3883 2289 3943 certo
2336 3877 2526 3943 scias.

198 3989 275 4056 Et
326 3993 381 4058 si
439 3991 595 4057 licet
650 3989 927 4072 ineptire
989 3989 1056 4053 in
1111 3986 1489 4072 iusipientia
1543 3984 1686 4050 dico
1748 3986 2000 4067 (verum
2047 3988 2262 4048 tamen
2310 3981 2525 4048 dicere

201 4115 317 4162 non
364 4095 730 4182 erubesco),
778 4094 958 4162 nulla
986 4094 1328 4159 missarum
1391 4091 1598 4158 officia
1626 4107 1939 4194 peragere
1986 4085 2182 4167 sole0,
2229 4088 2382 4173 quin
2430 4087 2527 4154 tui

339 4418 359 4461 ι
401 4411 522 4479 Vgl.
574 4413 709 4463 oben
762 4427 875 4465 uro.
926 4413 1186 4465 Lxxxu.
1340 4417 1369 4464 2
1410 4408 1754 4462 Friedlttnder
1798 4408 1988 4460 druckt
2039 4409 2362 4478 duotriginta
2407 4415 2538 4460 etatt

202 4496 593 4575 duodetriginta.
744 4505 771 4558 8
811 4503 864 4555 Β.
902 4503 935 4562 ὅ
974 4504 1106 4561 Nor.
1149 4503 1299 4574 1518,
1337 4500 1473 4558 oben
1512 4514 1624 4554 nro.
1662 4496 1934 4553 CCLXIX.
