2950 5042
1560 413 1645 477 58

441 595 631 683 habe,
677 600 809 668 und
853 601 1040 684 hoste,
1085 624 1210 669 von
1255 603 1328 670 R.
1377 603 1481 670 ein
1528 603 1863 690 exemplar
1910 603 2250 672 derselben
2314 615 2393 671 zu
2450 604 2752 674 erhalten.

445 729 500 774 ο.
548 709 621 774 Ο.
671 731 730 774 u.
825 759 838 772 .

621 710 948 880 Gedrdckt:
999 823 1028 880 1
1067 840 1150 878 =
1183 819 1244 880 Ο.
1279 837 1334 881 v.
1369 837 1418 880 e.
1453 837 1487 880 c
1518 821 1622 896 b⁸;
1672 824 1709 880 2
1748 841 1830 872 -=
1862 821 1918 882 J.
1953 838 2007 880 v.
2040 838 2093 880 e.
2128 839 2160 882 e
2194 825 2291 905 423:
2341 826 2377 884 3
2414 843 2499 874 ετ·-
2530 821 2593 882 C.
2624 839 2673 882 v.
2706 838 2749 882 e.

442 921 626 984 11f01.
667 927 800 986 18⁸.

1506 1081 1729 1150 LXVI.

584 1185 888 1253 Augsburg.
2264 1194 2329 1240 29
2367 1189 2491 1242 Jan.
2544 1193 2691 1241 1499.

529 1297 911 1377 Conradus
949 1301 1342 1400 Peutinger
1386 1301 1411 1349 1
1456 1299 1659 1376 Juris
1699 1303 2075 1402 utriusque
2111 1303 2367 1379 doctor
2403 1303 2455 1380 J
2458 1303 2681 1378 oanni

919 1443 926 1450 “
983 1423 1348 1500 Reuchlin
1383 1424 1808 1499 Phorcensi.
1888 1425 1961 1502 S.
2003 1427 2092 1500 D.
2134 1427 2218 1502 P.

625 1579 780 1657 Quae
832 1579 1039 1646 literis
1085 1579 1238 1645 tuis
1263 1580 1438 1664 apud
1490 1580 1540 1646 F
1543 1598 1773 1646 ucaros
1818 1580 2206 1666 inquirenda
2234 1581 2581 1662 mandasti,
2628 1601 2759 1646 exe-

438 1688 626 1750 cutus
672 1669 812 1750 sum
871 1685 1213 1769 diliginter.
1307 1687 1729 1751 Mercimonia
1789 1692 1904 1751 tua
1950 1688 2167 1752 Romae
2215 1694 2434 1771 empta
2480 1699 2601 1772 per
2636 1707 2759 1752 eos-

443 1789 591 1854 dem
639 1790 723 1855 ad
770 1790 1079 1857 Nometas
1125 1797 1384 1856 vectore
1428 1792 1636 1875 probo
1686 1797 1752 1857 et
1813 1792 2073 1877 quidem
2120 1793 2513 1876 Augustensi
2569 1798 2763 1858 trans-

440 1895 640 1961 missa
703 1902 854 1962 sunt
923 1902 989 1962 et
1051 1898 1327 1981 cauponi
1391 1898 1475 1962 ad
1528 1898 1927 1963 Cantharum
1975 1899 2219 1963 tradita
2278 1904 2354 1964 ut
2397 1897 2763 1964 Heidelber-

437 2021 582 2083 gam
629 2000 963 2066 vehantur.
1071 2002 1272 2086 Spero
1342 2009 1408 2068 te
1468 2025 1639 2069 nunc
1686 2025 1761 2069 eo
1808 2006 2039 2070 timore
2088 2005 2260 2090 quod
2306 2005 2584 2070 forsitan
2628 2023 2760 2088 per-

438 2106 576 2171 dita
614 2105 934 2172 credebas
981 2107 1323 2173 liberatum
1357 2129 1518 2174 esse.
1594 2109 1706 2175 Sin
1738 2111 1945 2174 minus
1994 2109 2220 2175 eadem
2275 2111 2421 2175 istic
2470 2109 2764 2195 reperies.

439 2210 623 2289 Quod
669 2214 962 2297 conjugio
1009 2219 1230 2278 nostro
1278 2213 1665 2280 felicitatem
1712 2221 1933 2299 optaS,
1996 2237 2077 2280 ex
2131 2216 2323 2281 solita
2346 2214 2761 2281 humanitatis

436 2324 568 2383 tuae
612 2317 1060 2384 benevolentia
1103 2319 1294 2398 facie,
1345 2341 1555 2404 quare
1603 2321 1726 2386 tibi
1779 2320 2129 2404 plurimum
2184 2326 2252 2386 et
2300 2341 2464 2405 quas
2514 2339 2762 2406 possum

439 2424 684 2506 gratias
731 2444 871 2506 ago.
960 2425 1069 2488 Et·
1091 2446 1216 2509 quo
1261 2427 1466 2509 magis
1526 2426 1901 2490 lasciviendi
1944 2425 2248 2493 libertate
2294 2427 2563 2492 laxarer
2597 2427 2639 2507 ²,
2688 2425 2767 2489 in-

438 2529 774 2608 stitutioni
805 2529 1032 2594 divinae
1079 2551 1410 2615 parerem,
1473 2531 1615 2624 alas
1663 2531 1950 2615 pressius
1996 2553 2285 2616 agerem,
2332 2554 2559 2599 amore
2608 2551 2765 2608 vero,

437 2656 565 2700 non
612 2634 844 2701 fucatis
877 2635 1157 2700 susurris
1206 2641 1270 2724 et
1303 2636 1662 2702 blandiciis.
1683 2637 1980 2717 viverem,
2028 2659 2295 2702 uxorem
2332 2637 2357 2676 ³
2389 2637 2547 2703 duxi
2592 2635 2763 2720 virgi-

437 2762 584 2806 nem
608 2740 803 2826 paulo
827 2742 1189 2808 breviorem
1212 2763 1333 2822 me,
1357 2742 1647 2807 nondum
1674 2763 1878 2808 annos
1906 2747 2005 2807 18.
2032 2747 2270 2823 natam,
2294 2743 2603 2826 pudicam
2625 2748 2766 2807 tem-

435 2853 749 2931 peratam,
796 2846 1162 2930 pulchram,
1211 2848 1547 2914 honestam
1584 2854 1649 2912 et
1694 2847 1915 2914 latinis
1946 2848 2156 2914 literis
2203 2848 2615 2933 aliquantum
2663 2847 2766 2911 im-

436 2951 682 3032 butam,
731 2974 874 3036 quae
921 2958 988 3017 et
1019 2973 1348 3038 nunquam
1397 2974 1436 3018 a
1477 2953 1850 3018 domesticis
1898 2954 2115 3018 rixosa
2157 2974 2274 3018 nec
2307 2952 2767 3019 contumeliosa

436 3057 740 3145 visalest.
831 3058 931 3122 Ex
976 3057 1162 3123 bonis
1207 3059 1590 3142 parentibus
1628 3058 1808 3124 urbis
1858 3065 2095 3125 nostrae
2128 3065 2291 3140 orta,
2340 3059 2561 3124 dotem
2594 3055 2763 3123 dedit

439 3163 637 3228 duum
666 3163 937 3230 millium
968 3161 1372 3244 florenorum,
1420 3164 1839 3232 nihilominus
1870 3165 2100 3231 haeres
2148 3165 2399 3244 futura,
2438 3165 2497 3230 si
2543 3160 2763 3229 vixerit

438 3273 786 3352 superstes.
863 3271 1004 3335 Deo
1049 3269 1272 3353 itaque
1320 3271 1436 3354 Op.
1469 3271 1639 3336 Max.
1690 3273 1935 3356 gratias
1983 3271 2193 3337 habeo
2242 3275 2308 3336 et
2338 3269 2617 3349 habeb0,
2665 3265 2762 3352 qui

437 3373 654 3439 studio
699 3379 920 3440 nostro
986 3376 1223 3440 sociam
1269 3382 1336 3440 et
1399 3377 1717 3443 asseclam
1780 3377 2281 3443 familiarissime
2347 3375 2537 3441 nobis
2586 3373 2763 3440 collo-

435 3479 617 3546 carit.
681 3479 782 3544 Ad
820 3486 898 3546 12
931 3479 1139 3546 kalen.
1189 3482 1580 3549 Decembres
1614 3484 1865 3570 nuptiae
1897 3482 2137 3547 habitae
2170 3488 2336 3563 sunt,
2384 3481 2763 3564 domumque

1586 3631 1621 3668 21:

583 3723 606 3769 1
648 3717 935 3784 Peutiuger
978 3723 1020 3768 1.
1093 3703 1239 3770 fiber
1291 3719 1381 3770 ihn
1422 3718 1529 3786 vgl.
1572 3719 1749 3781 Vesth,
1796 3720 2038 3770 Historia
2085 3720 2207 3771 vitae
2260 3725 2415 3785 atque
2468 3718 2763 3770 moritorum

437 3807 664 3858 Com-adi
701 3807 1006 3874 Peutingeri
1047 3809 1246 3873 Augsb.
1309 3810 1439 3858 1783
1481 3807 1586 3858 und
1624 3809 1721 3858 Th.
1775 3808 2099 3874 Hei-berger:
2152 3803 2357 3858 Conr'ad
2400 3810 2682 3872 Peutinger
2716 3803 2763 3852 in

436 3896 638 3947 seinem
674 3896 818 3946 verh.
859 3912 924 3946 zu
960 3896 1294 3946 Maximilian
1334 3898 1357 3946 Ι
1400 3896 1603 3962 Augsb.
1654 3899 1804 3946 1857.
1955 3903 1982 3947 2
2024 3897 2220 3946 lasaret
2262 3901 2309 3946 2.
2459 3899 2489 3946 3
2540 3888 2764 3956 uxorem]

436 3984 776 4050 Margaretha
822 3983 1052 4046 Welser,
1102 3985 1312 4035 tochter
1365 3985 1456 4036 des
1511 3984 1771 4036 Antonius
1810 3984 1872 4049 (8.
1910 3986 1987 4052 u.)
2028 3984 2205 4036 wurde
2254 3987 2483 4050 geboren
2529 3988 2593 4034 18
2630 3983 2763 4031 Mars.

444 4075 594 4122 1481.
673 4073 776 4121 Fiir
823 4071 916 4122 das
965 4072 1142 4123 datum
1198 4074 1287 4122 der
1325 4073 1531 4123 heirath
1578 4074 1648 4124 ist
1704 4089 1865 4123 unser
1916 4073 2058 4124 brief
2096 4073 2193 4122 das
2246 4074 2452 4138 einzige
2508 4071 2759 4136 zeugniss.

438 4159 556 4225 Vgl.
597 4159 750 4212 Veith
791 4158 826 4209 1.
865 4173 911 4210 o.
951 4175 992 4210 s.
1034 4164 1100 4210 30
1139 4161 1230 4211 der
1269 4162 1367 4212 den
1404 4162 1763 4214 betreffenden
1812 4162 1943 4212 theil
1990 4161 2083 4212 des
2118 4161 2313 4212 briefes
2352 4162 2629 4212 abdruckt.
2698 4157 2763 4206 M·

435 4263 546 4298 war
589 4249 704 4297 eine
743 4246 977 4314 gelehrte
1019 4248 1158 4310 stau,
1209 4250 1292 4298 ein
1328 4251 1471 4301 brief
1507 4267 1607 4300 von
1645 4251 1728 4300 ihr
1765 4267 1829 4300 an
1870 4251 2019 4300 ihren
2058 4249 2250 4302 brudei·
2290 4250 2599 4316 christoph,
2649 4247 2765 4297 iiber

432 4333 774 4386 alterthiimer
808 4335 1100 4398 handelnd,
1147 4336 1220 4386 ist
1257 4353 1358 4390 von
1397 4339 1628 4388 Mertens
1668 4339 1948 4404 herausgg.
1990 4339 2203 4406 (1778);
2244 4341 2329 4389 ein
2368 4337 2561 4389 Werkz
2614 4335 2761 4386 Libet

435 4422 748 4487 Augustalis
785 4426 898 4474 sive
937 4423 1310 4490 compendium
1349 4425 1583 4476 historiae
1620 4429 1871 4492 Augustae
1906 4429 1977 4476 ist
2014 4426 2454 4498 handsch1·iftlich
2506 4427 2563 4474 in
2604 4425 2760 4493 Augu·

433 4509 586 4578 purg.
663 4509 782 4577 Vgl.
821 4512 974 4581 Zapf,
1016 4513 1445 4583 Augsburgische
1484 4514 1781 4587 bibliothek
1823 4515 1971 4591 1795,
2010 4515 2033 4565 I
2072 4530 2112 4566 s.
2159 4517 2256 4568 153
2298 4515 2377 4592 fg.
