2950 5042
1235 405 1320 482 (35

1169 695 1396 764 LXXI.

271 836 533 903 stuttgart.
1932 837 1999 886 26
2038 836 2179 904 Sept.
2225 839 2376 889 1500.

773 970 1116 1074 Oapnion
1152 971 1432 1072 Vigilio
1473 971 1807 1050 salutem.

307 1155 440 1221 Tua
476 1156 497 1193 ²
531 1155 600 1220 in
629 1175 734 1219 me
765 1153 1116 1234 voluntate,
1165 1153 1252 1220 mi
1299 1154 1742 1222 amantissime
1789 1157 2002 1243 vigili,
2048 1158 2191 1224 vide
2225 1157 2451 1243 quanti

165 1266 218 1326 te
287 1260 548 1326 faciam!
627 1259 790 1326 nihil
869 1257 1028 1324 mihi
1111 1265 1262 1343 post
1323 1259 1577 1326 libellos
1640 1268 1709 1328 et
1770 1262 2033 1329 chartas
2086 1262 2453 1348 jucundiuS,

163 1366 290 1430 nihil
329 1367 590 1432 suavius
656 1386 938 1450 unquam
990 1363 1058 1428 id
1105 1385 1362 1448 semper
1407 1365 1697 1431 audienti
1747 1389 1825 1432 ex
1872 1369 2167 1435 omnibus
2214 1369 2325 1454 qui
2371 1369 2456 1434 ad

170 1493 259 1538 nos
310 1472 494 1538 istinc
552 1472 820 1537 veniunt
876 1469 1168 1554 egregria
1213 1475 1282 1535 te
1331 1471 1410 1535 de
1459 1471 1645 1537 nobis
1692 1472 2125 1540 sollicitudine
2170 1473 2339 1538 affici
2382 1479 2458 1539 ut

171 1577 468 1643 valeamus.
567 1576 756 1656 Quod
803 1598 1012 1660 nuper
1047 1575 1240 1642 etiam
1275 1575 1511 1642 nobilis
1542 1576 1919 1646 adolescens
1950 1579 2059 1644 ille
2090 1579 2457 1646 Lonchinus

182 1687 230 1746 ct
257 1682 586 1768 Dionysius
649 1681 855 1750 frater
922 1702 1122 1766 prope
1171 1682 1398 1746 testati
1445 1687 1615 1747 sunt.
1716 1685 1809 1748 Eo
1858 1705 1999 1750 sum
2048 1679 2281 1751 duetus
2326 1705 2461 1750 ma-

190 1787 310 1851 xime
348 1795 419 1855 ut
465 1795 690 1854 vestro
740 1787 1196 1867 contubernio,
1245 1787 1299 1852 si
1347 1808 1474 1853 non
1523 1788 1694 1854 omni
1742 1795 2101 1871 momento,
2150 1797 2221 1856 at
2266 1811 2459 1876 quam

190 1913 308 1976 saepe
346 1893 568 1980 quoad
615 1894 786 1974 licet,
834 1893 1151 1958 interesse
1201 1892 1476 1976 cupiam,
1525 1893 1637 1960 ubi
1684 1896 1893 1961 acutis
1940 1901 2005 1961 et
2052 1896 2309 1963 acribus
2370 1896 2463 1960 in-

179 2000 334 2078 geniis
376 2023 504 2067 non
555 1999 748 2066 modo
795 1999 1158 2084 priscorum
1211 1998 1585 2081 dogmatum
1634 1999 1919 2067 thesauri
1968 2007 2313 2080 eruuntur,
2362 2023 2465 2066 ve-

176 2107 473 2171 rumetiam
560 2105 776 2171 aetatis
853 2109 1092 2170 nostrae
1173 2103 1572 2170 meditantur
1634 2105 1925 2187 inventa,
1996 2107 2110 2174 ubi
2164 2107 2324 2172 nihil
2366 2113 2465 2172 est

175 2230 402 2294 usquam
449 2211 559 2278 vel
605 2210 966 2276 divinarum
1010 2210 1112 2274 vel
1158 2208 1585 2276 humanarum
1632 2231 1849 2278 rerum
1897 2214 2070 2298 quod
2124 2235 2251 2280 non
2296 2213 2468 2278 inter

174 2313 464 2383 foecundos
517 2316 755 2383 calices
803 2315 1216 2382 Aristotelico
1264 2337 1444 2381 more
1504 2317 1569 2380 in
1631 2323 1974 2403 utramque
2039 2325 2287 2403 partem
2338 2317 2461 2382 dis-

173 2425 420 2502 putetur,
467 2443 601 2506 quo
634 2421 698 2486 in
730 2441 964 2505 genere
1001 2419 1120 2504 (dii
1154 2419 1332 2504 boni)
1369 2429 1613 2506 quanto
1646 2445 1789 2488 cum
1833 2423 2048 2490 studio
2082 2423 2408 2489 Andream
2444 2421 2469 2460 ²

176 2531 428 2594 nostrum
525 2526 708 2592 illurn
792 2525 1425 2610 philosophissimum
1512 2527 1829 2594 hominem
1912 2528 2469 2594 abundantissimo

176 2628 399 2698 dicendi
454 2637 750 2698 torrente
819 2653 898 2698 ac
961 2631 1020 2696 vi
1071 2633 1384 2697 sermonis
1431 2633 1775 2717 praeditum
1824 2633 2183 2699 audivimus
2232 2654 2470 2710 omneS‚

176 2737 340 2802 etiam
383 2740 450 2803 in
500 2738 774 2804 mul-tam
820 2742 1076 2804 noctem
1124 2738 1208 2803 ab
1257 2739 1394 2822 ejus
1441 2760 1553 2804 ore
1600 2739 1975 2822 pendentes,
2024 2761 2215 2825 quom
2264 2759 2395 2823 qua
2450 2737 2479 2777 ⁸

179 2839 242 2906 de
293 2866 358 2910 re
418 2844 638 2910 dicere
693 2843 878 2909 illum
933 2843 1128 2909 libuit
1201 2850 1523 2928 perpetua
1582 2845 1874 2909 oratione
1933 2865 2088 2910 usus
2153 2843 2477 2927 pulpitum

181 2950 534 3016 concederet
599 2949 858 3014 nemini.
950 2951 1084 3033 Ego
1153 2970 1305 3015 vero
1377 2949 1683 3015 Arcesilae
1749 2949 1941 3016 modo
2019 2955 2086 3014 et
2156 2947 2480 3014 Carneadi

184 3061 377 3121 contra
422 3077 612 3122 omne
675 3055 850 3140 quod
911 3055 1362 3138 proposuisset
1423 3075 1698 3121 conarer
1762 3055 2097 3122 disserere.
2192 3053 2481 3119 Memini-

187 3159 321 3226 stine
365 3162 626 3246 quando
674 3161 1030 3244 pugnantia
1075 3160 1206 3226 dua
1255 3166 1322 3225 et
1368 3161 1879 3227 contradictoria
1924 3162 1989 3226 in
2036 3181 2162 3226 uno
2201 3160 2481 3245 quodam

187 3261 466 3334 latissimo
513 3267 784 3334 instanti
826 3287 980 3332 vera
1023 3287 1163 3332 esse
1212 3267 1604 3348 statuebam,
1654 3272 1937 3352 quantus
1970 3269 1997 3308 ⁴
2046 3267 2105 3330 ei
2138 3267 2306 3331 risus
2340 3285 2483 3329 cum

195 3372 580 3440 exclamaret:
627 3372 740 3438 ubi
787 3378 888 3438 est
917 3371 1168 3439 instans
1199 3373 1645 3458 Capnionium.
1721 3373 1856 3438 Nec
1902 3373 2134 3437 mirum
2184 3370 2358 3455 quod
2403 3369 2483 3433 de

198 3495 298 3542 suae
336 3479 648 3546 orationis
704 3477 966 3544 flumine
1025 3483 1160 3542 tam
1208 3478 1415 3544 multa
1461 3478 1813 3559 hausimus,
1860 3499 2005 3542 cum
2052 3483 2229 3541 totus
2276 3474 2488 3540 flumi-

202 3581 348 3651 nibus
389 3590 665 3664 scateat,
711 3583 882 3650 unde
927 3589 1238 3667 tanquam
1287 3584 1367 3650 de
1415 3585 1685 3667 spongia
1731 3582 2243 3667 quandocunque
2293 3579 2489 3644 alter-

212 3691 484 3756 cationum
517 3689 874 3757 certamine
907 3689 1369 3772 comprimitur.
1448 3689 1628 3754 Varii
1663 3693 1931 3753 manant
1961 3685 2487 3770 philosophorum

205 3790 292 3857 rivi
343 3798 513 3862 inter
573 3795 912 3860 cacumina
971 3793 1489 3860 doctissimorum
1553 3795 1867 3874 virorum,
1943 3793 2110 3858 alter
2174 3789 2490 3874 Apollinis

203 3894 538 3981 Parnassus,
589 3922 669 3966 ex
715 3923 840 3985 quo
873 3901 1158 3979 Tanaim,
1205 3901 1536 3979 Bactrum,
1598 3899 1979 3982 Choaspem,
2028 3896 2275 3973 Indum,
2334 3896 2492 3959 Ara—

202 4021 300 4068 xen
349 4008 633 4091 ingentia
693 4006 959 4071 flumina
1017 4006 1244 4071 scribit
1294 4005 1680 4071 Aristoteles
1727 4004 1835 4068 ille
1884 4003 2196 4086 Stagirita
2249 4003 2496 4083 impetu

203 4111 516 4192 profluere,
583 4113 753 4177 alter
811 4113 1125 4178 orientem
1187 4133 1412 4176 versus
1476 4108 1843 4175 Promethei
1903 4108 2258 4186 Caucasus,
2322 4106 2494 4172 unde

205 4210 420 4283 Phasis·⁸
437 4219 614 4286 lento
656 4217 862 4302 gradu
909 4215 1206 4297 elabitur,
1255 4216 1423 4282 alter
1471 4215 1559 4282 ad
1606 4213 2003 4281 occidentem
2052 4217 2275 4277 vertex
2306 4211 2500 4296 Pyre-

1308 4409 1344 4448 ’Β

334 4520 350 4564 1
389 4517 511 4570 TVa
549 4522 598 4570 2.
746 4521 774 4566 2
816 4517 864 4567 S.
907 4534 954 4568 o.
1005 4533 1115 4568 nro.
1159 4515 1398 4566 va111.
1555 4517 1583 4564 3
1626 4529 1779 4578 quom
1818 4529 1867 4578 q.
1909 4517 1957 4563 2.
2104 4513 2135 4558 4
2188 4511 2411 4574 quantos
2452 4507 2501 4562 2.

255 4627 492 4674 Reuehlln
2050 4601 2085 4658 5
