2950 5042
1288 433 1372 503 5⁷

202 621 516 709 flagitasti,
573 625 714 712 ipse
769 646 890 712 pro
932 631 1154 694 vetere
1209 624 1507 693 amicicia
1548 629 1775 694 nostra
1816 629 1886 694 et
1940 625 2213 714 antiqua
2254 647 2501 700 morem

202 729 310 796 tibi
333 731 600 816 gerendi
645 732 1102 800 consuetudine
1133 731 1424 800 laborem
1471 731 1841 800 obeundum
1884 750 2027 801 esse
2071 732 2229 801 mihi
2278 736 2501 822 putavi

201 857 270 901 ne
311 835 410 902 vel
469 857 674 923 opera
731 844 928 924 atque
983 837 1300 906 sedulitas
1357 859 1521 904 mea»
1568 859 1826 924 semper
1886 838 2173 926 alioquin
2218 839 2507 908 officiosa

200 942 304 1008 tibi
370 941 608 1010 saltem
659 943 726 1009 in
787 966 858 1010 re
917 944 1286 1012 necessaria
1333 944 1617 1012 defuisse
1676 943 1881 1011 videri
1946 951 2185 1031 posset.
2278 947 2507 1034 Itaque

201 1049 538 1116 orationem
585 1056 766 1116 tuam
811 1051 898 1118 ad
941 1056 1010 1118 te
1055 1052 1244 1117 mitto
1293 1071 1436 1137 quae
1465 1056 1737 1136 propter
1778 1051 1983 1137 ipsius
2020 1072 2335 1118 summam
2382 1051 2509 1120 ele-

200 1154 461 1239 gantiam
531 1157 1042 1243 dignitatemque
1107 1155 1446 1224 verborum
1496 1163 1564 1222 et
1608 1156 1991 1242 gravitatem
2038 1159 2508 1226 sententiarum

201 1260 374 1346 digna
415 1263 559 1328 visa
607 1269 708 1330 est
738 1284 865 1331 non
896 1285 1044 1330 mea
1070 1269 1324 1330 tantum
1357 1285 1553 1330 manu
1586 1261 1893 1345 describi,
1927 1265 1987 1340 ὅς
2016 1265 2119 1329 καὶ
2146 1265 2228 1330 ταὶ
2256 1275 2511 1334 τοιαῦτα

201 1377 274 1431 τῶ
302 1366 458 1457 ἄκρῳ
491 1360 782 1456 δακτύλῳ
811 1365 1079 1459 ἡψάμην,
1109 1370 1225 1436 sed
1254 1370 1512 1436 omnino
1542 1369 1783 1456 ubique
1812 1375 2136 1437 terrarum
2168 1369 2312 1456 legi,
2344 1369 2508 1438 adeo

203 1477 262 1539 tu
300 1473 558 1560 quidem
607 1477 852 1555 omnia,
899 1477 995 1542 ita
1041 1497 1143 1541 me
1189 1475 1348 1542 deus
1395 1481 1599 1556 amet,
1648 1475 1919 1555 diserte,
1966 1475 2351 1560 prudenter,
2396 1497 2507 1562 ap·

205 1581 382 1662 posite
429 1580 798 1666 explicasti.
889 1583 1026 1666 Ego
1070 1588 1290 1648 tamen
1335 1587 1411 1648 ut
1453 1579 1649 1662 soleo,
1696 1601 1971 1666 propere
2012 1580 2396 1666 transcripsi
2443 1589 2511 1649 et

214 1675 584 1778 ἰδιογέγραφα.
668 1688 934 1754 Utinam
979 1687 1066 1754 sit
1123 1688 1190 1753 in
1233 1687 1358 1753 hac
1406 1684 1785 1754 difficillima
1829 1693 2197 1772 temporum
2242 1684 2511 1754 difficul-

221 1795 334 1871 tate,
375 1793 558 1877 quod
605 1799 676 1858 et
733 1799 810 1860 tu
855 1793 1122 1860 caelesti
1163 1793 1479 1878 praeditus
1526 1791 1895 1878 eloquentia
1950 1792 2221 1860 mereris
2282 1799 2351 1860 et
2392 1814 2511 1862 nos

211 1896 362 1963 amici
397 1898 678 1966 laudum
709 1905 970 1966 tuarum
1000 1919 1354 1984 praecones
1400 1897 1622 1964 videre
1668 1898 1981 1986 cupimus·
2050 1898 2231 1978 Vale,
2275 1897 2513 1966 doctis·

205 2001 335 2068 sime
377 2004 478 2070 vir
546 2005 864 2090 principis
909 2007 1006 2072 tui
1051 2009 1334 2085 ornator,
1398 2002 1479 2070 de
1511 2003 1805 2070 Bavariae
1850 2004 2040 2071 domo
2087 2023 2165 2070 ac
2210 2009 2351 2072 toto
2394 2005 2510 2072 im-

199 2109 352 2190 perio
381 2110 686 2178 Romano
733 2109 898 2178 bene
927 2112 1178 2192 merite,
1225 2109 1622 2195 praecipuum
1652 2109 1989 2190 communi,
2020 2108 2251 2194 patriae
2295 2109 2510 2178 decus.

199 2212 408 2282 Romae.
503 2218 700 2282 Anno
745 2215 914 2284 ΜΠ.
961 2218 1038 2282 D.
1072 2219 1099 2259 ²

353 2325 694 2387 Gedruckt:
749 2331 778 2386 1
818 2347 902 2384 ει.-
934 2326 997 2387 C.
1031 2343 1084 2387 v.
1119 2342 1170 2386 e.
1205 2329 1364 2402 38⁸3
1399 2328 1436 2385 2
1465 2326 1625 2386 εὖ.
1660 2342 1714 2386 v.
1746 2342 1801 2388 e.
1832 2325 1874 2385 k
1902 2326 1975 2401 ii;
2012 2329 2049 2386 3
2080 2346 2165 2380 =
2191 2324 2255 2386 C.
2288 2341 2341 2384 v.
2371 2340 2427 2386 e.
2456 2324 2513 2386 11

197 2427 279 2494 fol.
313 2433 442 2493 58⁸·
464 2427 524 2496 b.

1253 2517 1444 2588 LXV.

318 2607 641 2675 Backnang.
1806 2605 1975 2672 (Nach
2017 2609 2045 2656 ‘1
2084 2605 2223 2672 Aug.
2268 2605 2441 2671 1498).

193 2701 428 2780 Petrus
475 2705 535 2782 J
537 2703 758 2782 acobi
801 2702 1267 2802 Arlunensis,
1325 2704 1766 2807 praepositus
1820 2703 1900 2777 in
1948 2699 2363 2802 Backnang
2416 2725 2514 2776 an

1163 2826 1535 2904 Reuchlin

192 2948 364 3017 theilt
405 2951 556 3032 mit,
604 2951 758 3019 dass
803 2950 912 3020 R's
958 2952 1114 3020 rede
1160 2974 1276 3020 vor
1321 2951 1503 3020 Alex.
1549 2951 1640 3018 VI
1684 2949 1805 3018 mit
1847 2951 2211 3034 vergntigen
2257 2945 2515 3032 gelesen

191 3128 319 3178 nicht
354 3130 701 3194 bestimmen,
753 3129 844 3181 der
891 3131 1054 3195 brief,
1105 3132 1201 3182 auf
1240 3069 1759 3197 deJQuestemberg
1806 3129 2075 3192 hinweist,
2124 3127 2196 3178 ist
2238 3123 2388 3176 nicht
2440 3139 2516 3174 er·

192 3214 377 3280 halten3
435 3217 570 3269 dass
620 3235 676 3269 es
729 3217 866 3271 noch
919 3218 994 3268 im
1043 3219 1196 3284 jahre
1256 3220 1391 3270 1498
1411 3219 1420 3228 '
1442 3219 1700 3285 geschah,
1758 3217 1897 3268 lehi-t
1946 3213 2314 3282 vorliegender
2362 3211 2516 3264 brief.

191 3289 318 3356 fiber
353 3306 441 3359 die
482 3305 638 3372 rede,
677 3308 772 3356 auf
803 3306 889 3357 die
925 3307 1042 3358 hier
1075 3308 1248 3374 bezug
1287 3323 1600 3374 genomm-en
1639 3308 1739 3369 ist,
1774 3307 1884 3374 vgl.
1922 3303 2183 3357 Reuchlin
2218 3321 2263 3355 ι.
2308 3307 2405 3356 152
2444 3306 2516 3370 fg.

191 3392 266 3442 Sie
299 3396 369 3446 ist.
404 3395 676 3462 gedruckt
706 3402 729 3445 1
757 3397 814 3444 in
839 3395 1114 3463 folgenden·
1140 3395 1611 3464 separatauegabc:
1652 3398 1747 3446 AD
1774 3395 2271 3454 ALEXANDRUM
2300 3395 2515 3446 Sextum

189 3484 481 3546 pontificem
517 3484 808 3534 maximum
831 3499 924 3552 pro
949 3485 1196 3552 Philippo
1221 3485 1460 3536 Banarioe
1501 3483 1633 3534 duce
1661 3485 1901 3536 Palatino
1928 3484 2094 3534 Rheni
2121 3484 2267 3534 Sacri
2293 3483 2518 3534 Romani

189 3571 380 3637 Imperii
422 3573 658 3625 electore
695 3574 921 3624 Joannie
959 3573 1215 3625 Reuchlin
1253 3573 1564 3640 phorcensis
1599 3572 1749 3637 Lege
1789 3573 2016 3621 doctoris
2056 3573 2241 3621 oratio.
2286 3571 2362 3620 vii
2398 3570 2519 3622 idus

191 3656 402 3712 Sextiles
443 3665 603 3712 Anno
643 3663 834 3713 M.111).
874 3661 1064 3712 Romae.
1144 3661 1351 3713 Dareus
1369 3661 1506 3727 folgt
1530 3660 1872 3710 unmittelbar
1899 3661 1990 3709 der
2016 3666 2124 3708 text
2157 3664 2215 3710 12
2258 3658 2348 3710 bll.
2374 3660 2430 3708 in
2456 3663 2517 3710 4⁰

191 3762 216 3795 a
241 3753 279 3798 l.
303 3749 388 3801 bis
416 3766 450 3800 a
471 3751 521 3813 6,
549 3749 634 3800 die
661 3750 885 3817 iibrigen
909 3751 1230 3817 unpaginirt.
1281 3752 1382 3800 Am
1409 3749 1543 3800 ende
1570 3749 1661 3800 der
1687 3749 1878 3799 letzten
1904 3749 2036 3798 seite
2062 3747 2323 3814 nngefflhr
2346 3747 2400 3797 in
2427 3746 2520 3799 der

190 3835 345 3887 mitte:
394 3837 664 3902 venetiis,
704 3838 885 3890 Galen.
920 3839 1184 3905 Septemb.
1224 3838 1423 3889 MJID.
1502 3839 1563 3889 In
1601 3836 1801 3889 adibus
1851 3835 1976 3887 Alei
2012 3835 2240 3886 Manutii
2276 3834 2517 3887 Romani.

194 3925 218 3970 2
251 3945 317 3970 =
351 3927 404 3978 J.
447 3943 500 3978 v.
541 3943 586 3976 e.
628 3943 662 3978 n
705 3929 765 3978 31)
801 3927 886 3978 bis
924 3943 955 3978 o
996 3933 1084 3997 4⁸3
1134 3931 1163 3977 3
1203 3947 1274 3970 =
1312 3927 1511 3991 Majue,
1561 3926 1596 3977 l.
1636 3941 1681 3975 c.
1720 3941 1763 3976 s.
1806 3927 1905 3976 195
1950 3923 2035 3976 bis
2076 3927 2199 3975 209:
2274 3924 2387 3973 Aut*
2426 3939 2519 3974 un·

195 4024 292 4062 sere
332 4015 460 4066 rede
507 4015 719 4067 bezieht
765 4015 878 4066 sich
931 4016 1022 4066 der
1065 4015 1206 4066 brief
1251 4031 1362 4068 nro.
1414 4013 1575 4078 LXV,
1625 4015 1795 4066 semer
1845 4016 1930 4064 ein
1978 4013 2259 4064 schreiben
2308 4013 2519 4064 Conrad

193 4099 408 4153 Matiane
461 4119 528 4154 an
575 4103 756 4154 Urban
808 4105 1194 4169 (Mutianscher
1241 4103 1445 4154 briefw'.
1498 4103 1590 4153 fol.
1630 4105 1696 4154 49
1746 4103 1845 4168 fg.3
1896 4102 2115 4154 Tentzel
2171 4101 2347 4167 Suppl.
2398 4103 2517 4152 bist.

195 4184 332 4240 Goth.
370 4206 412 4242 s.
454 4193 520 4242 63
563 4192 659 4257 ff.)‚
710 4193 762 4241 in
813 4193 1065 4244 welchem
1113 4191 1206 4244 der
1263 4199 1458 4244 cratere
1512 4191 1703 4254 tadelt,
1759 4190 1894 4242 dass‘
1928 4191 1986 4240 R.
2040 4189 2143 4241 «len
2190 4189 2519 4255 pfalzgrafen

193 4273 399 4329 dictator
435 4297 633 4344 nenne,
674 4281 859 4333 meint:
919 4282 1014 4331 Vel
1054 4296 1244 4348 praeses
1283 4289 1364 4332 est
1399 4281 1709 4347 provinciae,
1755 4284 1812 4329 ut
1860 4279 2113 4346 magister
2161 4278 2392 4342 equitnm
2429 4283 2521 4329 aut

194 4364 427 4430 militum,
477 4369 562 4418 vel
617 4370 860 4420 tribunus
911 4371 1166 4433 celerum,
1221 4369 1305 4418 vel
1355 4369 1562 4435 legatus
1610 4367 1962 4434 imperatoris,
2016 4365 2103 4415 vel
2140 4379 2317 4416 comes
2352 4365 2519 4433 largi-

196 4451 382 4505 tionum
429 4457 538 4507 und
593 4457 739 4508 diosc
791 4458 997 4508 ansicht
1054 4458 1192 4508 daun
1247 4457 1579 4509 ausfflhrlich
1637 4455 1735 4506 mit
1790 4453 2232 4537 quellenbelegeu
2288 4453 2513 4514 erveiet.

329 4549 352 4607 l
395 4547 604 4612 comuni
647 4549 694 4597 2.
840 4549 870 4600 2
910 4545 1107 4602 MDJI
1144 4549 1193 4606 ἃ.
