2950 5042
1553 421 1678 487 142

442 607 693 687 decere,
748 608 1039 672 imitatus
1104 606 1343 674 Christi
1408 612 1832 677 sententiam:
1900 612 2106 679 Nemo
2171 622 2238 682 te
2305 617 2734 696 condemnavit,

440 734 560 777 nec
608 734 724 796 ego
787 714 1249 779 condemnabo.
1344 716 1510 779 Nam
1571 737 1650 779 ea
1709 715 1790 781 de
1851 718 2086 801 quibus
2145 728 2288 787 erat
2342 723 2514 787 nulla
2576 722 2732 786 dubi-

442 820 641 899 tatio,
704 819 782 883 de
831 820 1063 903 quibus
1110 821 1367 903 publice
1426 828 1578 886 sunt
1625 822 1887 887 condita
1925 824 2094 907 jura,
2155 826 2234 890 de
2285 828 2514 911 quibus
2557 826 2740 891 sacro'-

442 930 683 988 sanctae
716 924 1073 1015 loquuntur
1119 926 1636 1007 constitutiones,
1683 948 1825 1012 quae
1871 930 2047 1012 apud
2097 950 2319 995 omnes
2367 932 2646 997 nationes
2687 936 2742 993 et

440 1029 618 1094 orbis
664 1028 1203 1131 terrarumaefines
1266 1032 1566 1115 gravibus
1629 1034 1836 1115 poenis
1893 1034 2168 1099 inhibita
2232 1043 2298 1101 et
2362 1038 2564 1101 vetita
2618 1056 2742 1118 pro-

440 1136 829 1220 mulgantur,
878 1132 1327 1200 existimabam
1376 1158 1520 1201 esse
1567 1137 1827 1219 indigna
1871 1140 2153 1220 consili0,
2203 1144 2358 1226 quia
2392 1149 2544 1206 nota
2574 1148 2744 1223 atque

441 1241 727 1324 vulgata.
803 1242 888 1305 Et
918 1246 1135 1305 tamen
1167 1242 1578 1306 nihilominus
1611 1264 1689 1307 ea
1721 1243 2085 1309 detestatus
2117 1267 2274 1325 sum,
2312 1254 2512 1331 utque
2535 1246 2748 1322 decuit,

442 1345 805 1431 reprobavi,
824 1346 1051 1429 abjeci,
1072 1346 1508 1426 condemnavi,
1541 1348 1730 1412 sicuti
1757 1358 1909 1413 sunt
1929 1348 2078 1413 libri
2097 1352 2196 1434 cuj
2205 1360 2532 1435 uscunque
2551 1351 2748 1434 gentis,

442 1453 879 1535 cujuscunque
906 1450 1155 1533 linguae,
1182 1452 1247 1515 in
1274 1452 1508 1536 quibus
1533 1454 1943 1519 continentur
1963 1454 2230 1538 injuriae,
2254 1447 2660 1539 blasphemiae
2695 1459 2749 1517 et

442 1555 510 1620 in
550 1557 1035 1621 irreverentiam
1070 1555 1584 1621 Christianarum
1625 1558 2157 1624 constitutionum
2197 1560 2363 1626 fictae
2403 1568 2627 1626 contra
2653 1580 2748 1623 nos

442 1660 723 1727 haereses
773 1660 1073 1726 similiter
1120 1668 1185 1725 et
1232 1661 1598 1745 reprobatae
1652 1664 1946 1729 lectionis
2003 1672 2292 1731 monstra
2347 1658 2598 1731 naturae
2653 1665 2749 1729 ini-

440 1768 627 1834 mica.
720 1766 957 1831 Curavi
1002 1786 1173 1848 erg0,
1220 1771 1295 1831 ut
1338 1766 1403 1829 in
1460 1768 1686 1851 primis
1742 1769 2142 1835 absolverem
2201 1772 2594 1855 ejuscemodi
2647 1770 2796 1843 cri<

440 1873 706 1951 minosa,
757 1872 836 1935 de
885 1871 1117 1955 quibus
1163 1872 1438 1954 primam
1488 1872 1553 1935 in
1601 1873 1884 1938 Consilio
1921 1876 1942 1913 ¹
1992 1878 2134 1940 meo
2182 1877 2362 1960 quod
2401 1878 2490 1941 ad
2522 1884 2584 1941 te
2614 1894 2753 1939 nunc

449 1978 637 2041 mitto
706 1978 893 2060 posui
968 1962 1193 2041 contra
1254 1977 1514 2042 Judaeos
1573 1972 2064 2045 conclusionem.
2190 1982 2344 2057 Quae
2406 1983 2538 2047 duo
2596 1981 2751 2045 facit:

450 2083 661 2165 primo
740 2082 905 2145 enim
979 2082 1237 2165 repellit
1312 2083 1556 2164 scripta
1633 2080 1712 2149 in‘
1743 2086 2228 2151 irreverentiam
2289 2088 2409 2152 Dei
2485 2094 2553 2153 et
2605 2105 2786 2151 sanc-r

450 2196 682 2267 torum,
731 2187 1014 2252 secundo
1062 2188 1305 2270 scripta
1352 2188 1416 2249 in
1464 2188 1950 2255 irreverentiam
2009 2192 2510 2257 christianarum
2559 2190 2760 2257 consti-

441 2294 766 2359 tutionum
813 2314 927 2357 seu
972 2292 1469 2372 ordinationum,
1518 2294 1752 2377 quibus
1798 2303 2022 2381 aperte
2058 2298 2478 2362 condemnavi
2527 2304 2592 2363 et
2622 2297 2760 2361 blas-

444 2399 736 2483 phemias
812 2404 879 2463 et
947 2398 1222 2462 haereses
1289 2397 1679 2464 Judaeorum.
1791 2402 2116 2467 Praeterea
2181 2402 2287 2467 fol.
2357 2404 2512 2468 XIV
2588 2401 2761 2466 libros

450 2504 820 2587 reprobatae·
864 2504 1158 2569 lectionis
1204 2502 1418 2586 rejeci.

624 2609 869 2687 Quibus
930 2608 1413 2693 praesuppositis
1460 2614 1772 2695 tanquam
1827 2612 2184 2678 manifestis
2241 2614 2491 2677 diverti
2537 2611 2620 2677 ad
2658 2610 2766 2674 alia

444 2714 759 2781 librorum
806 2716 1259 2781 hebraicorum
1306 2734 1565 2797 genera,
1610 2715 1675 2777 in
1710 2734 1984 2799 quorum
2021 2718 2265 2801 judicio
2315 2739 2442 2783 non
2483 2714 2766 2790 dubitavi,

446 2842 705 2904 semper
762 2821 875 2885 illa
938 2820 1216 2904 reproba
1278 2820 1416 2903 jam
1483 2828 1848 2901 praenotata
1909 2822 2048 2887 fore
2105 2823 2189 2886 ab
2249 2824 2420 2887 omni
2469 2845 2616 2889 meo
2658 2840 2769 2885 ser-

442 2948 631 2992 mone
704 2908 1005 3010 patenter
1080 2932 1365 3008 accepta.
1469 2926 1880 3009 Quapropter
1951 2948 2098 2992 cum
2177 2926 2501 2993 Thalmud
2573 2928 2763 3010 ipsum

446 3052 895 3116 prosequerer,
943 3032 1245 3097 admonui
1290 3032 1519 3115 primO,
1567 3030 1954 3113 quibusdam
2005 3034 2141 3117 ejus
2181 3034 2247 3097 in
2281 3033 2440 3099 locis
2477 3028 2772 3097 contineri

454 3157 642 3220 posse
698 3138 1133 3221 blasphemias
1192 3144 1259 3202 et
1322 3138 1639 3215 haereseS,
1705 3138 1984 3202 secundo
2031 3140 2371 3204 -vanitates
2419 3146 2491 3203 et
2539 3155 2771 3203 errores

446 3241 627 3307 Folio
682 3242 776 3307 111
834 3243 885 3306 F
920 3242 945 3281 ²
1022 3250 1087 3307 et
1146 3242 1315 3307 infra
1376 3242 1551 3327 quod
1623 3248 1690 3305 et
1750 3245 1969 3307 notavi
2027 3244 2180 3309 folio
2238 3246 2296 3310 X
2355 3244 2527 3309 facie
2575 3242 2768 3326 prima

453 3346 627 3412 circa
672 3348 970 3427 medium,
1018 3347 1129 3412 ubi
1176 3352 1401 3430 aperte
1447 3355 1728 3412 mentem
1787 3368 1995 3411 meam
2045 3370 2241 3432 super
2297 3349 2624 3415 Thalmud
2683 3368 2771 3411 ex-

452 3454 693 3535 pressis
740 3453 957 3518 verbis
991 3452 1015 3491 3
1075 3453 1399 3517 declaravi
1445 3454 1700 3528 dicens,
1773 3452 1948 3537 quod
1995 3455 2192 3517 nolim
2241 3476 2388 3519 eum
2431 3456 2772 3529 remittere,

458 3557 574 3622 ubi
620 3565 719 3623 est
764 3558 1227 3641 reprobandus,
1278 3559 1393 3623 sed
1439 3565 1658 3623 tamen
1707 3558 2080 3637 ostendere,
2127 3561 2301 3643 quod
2345 3581 2474 3624 non
2523 3565 2773 3643 propter

456 3662 779 3727 vanitates
829 3670 894 3727 et
942 3663 1255 3728 stultitias
1308 3663 1393 3727 sit
1438 3662 1929 3728 comburendus.

626 3768 727 3833 Ad
772 3767 1337 3851 negocium·igitur
1370 3768 1529 3832 mihi
1559 3770 1963 3851 propositum
1991 3768 2210 3833 multis
2242 3776 2578 3835 oratorum
2611 3786 2771 3833 more

450 3896 606 3941 usus
664 3895 803 3939 sum
872 3874 1296 3958 argumentis,
1355 3895 1486 3956 non
1531 3872 2053 3940 demonstrativis
2111 3896 2318 3959 neque
2383 3872 2772 3950 necessariiS,

1583 4053 1614 4090 ’k

595 4194 619 4241 1
662 4188 1015 4261 Rathschlag,
1052 4210 1095 4245 s.
1136 4210 1183 4245 0.
1224 4193 1257 4252 6
1282 4191 1402 4244 Oct.
1446 4192 1582 4245 1510
1621 4204 1734 4245 nro.
1775 4190 1988 4245 CXXII.
2135 4194 2163 4243 2
2205 4189 2282 4245 111
2321 4188 2398 4261 R]
2461 4190 2542 4243 Im
2595 4199 2774 4255 augen-

446 4276 651 4344 spiegel
705 4280 825 4330 sind
870 4296 952 4331 am
1001 4284 1162 4331 rande
1200 4299 1292 4333 zur
1327 4282 1617 4333 leichteren
1656 4284 1980 4349 orientirung
2041 4282 2280 4333 einzelne
2330 4279 2660 4333 buohstaben
2697 4290 2774 4341 ge·

446 4372 595 4417 setzt.
741 4370 771 4417 3
810 4370 1094 4436 Expressis
1120 4372 1316 4439 verbis]
1378 4372 1504 4433 „Nit
1529 4371 1620 4421 red
1655 4370 1744 4420 ich
1783 4386 1840 4421 es
1866 4369 2102 4432 dammi»,
2143 4370 2236 4420 das
2275 4370 2360 4420 ich
2400 4369 2498 4419 den
2522 4361 2773 4417 Thalmud

446 4453 603 4505 welle
640 4461 757 4519 gutt
792 4458 1017 4509 macheu
1056 4474 1159 4509 ann
1198 4460 1297 4509 den
1336 4460 1527 4523 enden,
1579 4459 1648 4509 da
1694 4476 1751 4511 cr
1785 4474 1854 4510 zu
1888 4458 2194 4509 verwerffen
2232 4458 2320 4521 ist,
2359 4455 2590 4509 sunndcr
2625 4451 2774 4505 allein

446 4556 512 4593 zu
549 4541 825 4610 beweisen,
864 4546 959 4597 das
997 4564 1051 4597 er
1088 4549 1167 4597 nit
1202 4564 1269 4598 zu
1285 4548 1611 4606 verbrennen
1649 4548 1776 4601 oder
1802 4546 2191 4599 zuverdsscken
2235 4548 2364 4597 sei-‘⁴
