2950 5042
1584 412 1718 479 264

475 602 874 689 procedunt,
937 610 1117 670 amet
1176 609 1244 671 et
1289 602 1464 670 colat
1489 606 1521 669 ⁶?
1598 604 1813 681 Quare
1871 600 2151 669 obsecro'
2189 606 2277 684 te,
2324 609 2399 670 ut
2439 603 2611 668 illum
2644 602 2765 689 jure

475 708 946 794 hospitalitatis
994 711 1316 795 suscipias
1375 731 1697 796 perquam
1750 708 2151 789 humaniter,
2214 710 2318 777 cui
2370 715 2449 775 ‘et
2507 716 2669 777 tuam
2714 714 2767 777 et

475 813 664 880 abbae
709 816 918 883 nostri
952 820 971 855 ¹
1018 817 1331 883 virtutem
1377 815 1472 881 ita
1517 815 1958 882 commendavi
2010 814 2105 881 uti
2150 821 2253 881 est
2295 814 2366 881 id
2411 821 2509 881 est
2548 814 2769 881 maximi

477 920 606 986 feci
652 941 847 1006 quam
892 920 1193 989 laudibus
1241 922 1414 1007 apud
1480 928 1739 986 exteros
1803 919 2136 987 celebrare
2196 926 2410 1006 queat.
2496 919 2565 984 In
2606 940 2772 986 causa

481 1046 628 1091 mea
672 1028 966 1093 Romana
1027 1028 1428 1093 diffinitivam
1502 1025 1893 1093 sententiam
1956 1031 2228 1111 propter
2300 1026 2773 1091 adversariorum

479 1132 844 1217 potentiam
890 1154 1260 1219 quanquam
1323 1133 1528 1199 ferme
1574 1140 1727 1199 ante
1772 1152 2016 1199 aunum
2064 1131 2434 1197 conclusam
2466 1131 2490 1169 ²
2532 1130 2773 1197 nondum

375 1240 380 1244 ’
479 1236 724 1318 habeo,
780 1244 1072 1305 attamen
1131 1240 1427 1324 quotidie
1490 1238 1717 1307 amicis
1779 1259 1859 1305 ex
1905 1236 2067 1304 urbe
2114 1238 2489 1305 consolatus
2545 1242 2775 1321 expecto

454 1341 660 1421 ‚brevi
678 1392 694 1423 ‚
769 1364 912 1429 quae
983 1366 1130 1411 cum
1199 1345 1456 1411 venerit
1511 1344 1685 1411 haud
1748 1344 1919 1411 clam
1987 1349 2053 1411 te
2100 1343 2246 1411 erit.
2340 1344 2567 1411 Valete
2608 1349 2776 1426 tuque

483 1448 819 1535 abbasque
866 1472 1070 1525 meus.
1165 1451 1542 1535 Stutgardie
1587 1450 1811 1517 Idibus
1869 1449 2343 1517 Novembribus
2407 1471 2569 1515 anno
2626 1450 2777 1513 1516.

655 1574 1062 1638 Handschrift:
1113 1578 1187 1636 N.
1231 1577 1539 1652 Ellenbogi
1581 1577 1955 1653 epistolarum
2006 1577 2141 1637 libri
2201 1578 2307 1651 IX,
2368 1593 2537 1635 mser.
2578 1577 2633 1635 in
2669 1572 2777 1633 bibl.

481 1680 617 1758 imp.
667 1682 804 1743 Par.
839 1683 962 1743 cod.
999 1684 1098 1743 lat.
1139 1686 1336 1758 8643,
1370 1684 1483 1745 vol.
1518 1683 1566 1758 1,
1600 1684 1698 1744 lib.
1735 1685 1794 1757 3,
1828 1686 1997 1757 epist.
2034 1685 2139 1756 20,
2170 1681 2269 1743 fol.
2304 1678 2445 1743 251»,

1463 1909 1833 1976 CCXXXII.

482 1994 910 2063 (ottenbeuren.)
2374 2000 2530 2064 (Νον.
2574 1996 2728 2060 1516.)

581 2086 644 2161 F
644 2098 848 2161 rater·
893 2085 1251 2161 Nicolaus
1307 2086 1684 2187 Ellenbog
1736 2086 1790 2162 ‚J
1792 2085 2020 2161 oanni
2072 2084 2446 2161 Reuchlin
2500 2087 2573 2165 S.
2626 2086 2705 2160 D.

665 2233 1036 2317 Praeceptor
1096 2232 1364 2300 colende
1429 2235 1657 2301 literas
1719 2240 1868 2300 tuas
1930 2233 2223 2318 proxime
2284 2234 2374 2300 ad
2442 2254 2545 2300 me
2610 2232 2781 2309 datas,

488 2359 606 2421 per
653 2358 764 2403 eos
784 2338 810 2377 ⁸
856 2339 968 2423 qui
1015 2359 1056 2403 a
1102 2338 1481 2407 doctissimo
1528 2342 1799 2405 Erasmo
1846 2346 2071 2405 nostro
2118 2340 2555 2410 Roterodamo
2612 2338 2687 2404 ad
2732 2343 2783 2401 te

494 2441 675 2507 missi
737 2443 1004 2525 tjuerant
1057 2446 1341 2511 maxima
1386 2445 1725 2529 voluptate
1774 2446 2029 2529 accepi,
2090 2446 2427 2530 virosque,
2482 2452 2557 2511 ut
2604 2441 2786 2531 petisti

488 2547 850 2613 liberaliter
912 2552 1198 2634 suscepi,
1259 2558 1398 2615 tum
1444 2556 1519 2617 ut
1585 2558 1713 2615 tuae
1770 2548 2175 2635 gratificarer
2230 2550 2637 2630 humanitati,
2676 2556 2783 2614 tum

487 2658 564 2718 ut
632 2654 902 2719 Erasmo
981 2656 1416 2746 Roterodamo
1488 2679 1528 2721 a
1590 2678 1717 2741 quo
1784 2678 1912 2722 non
1985 2656 2369 2742 injucundas
2400 2658 2431 2696 4
2498 2658 2599 2722 vix
2667 2660 2785 2720 ante

487 2779 723 2825 annum
771 2762 994 2845 accepi
1055 2762 1280 2827 literas
1343 2764 1548 2828 amice
1606 2762 2089 2847 responderem.
2188 2764 2426 2827 Verum
2487 2769 2561 2828 ut
2602 2779 2782 2827 verum

487 2864 732 2945 fatear,
788 2864 969 2931 fuere
1015 2867 1207 2932 ambo
1257 2868 1432 2952 digni
1477 2870 1652 2935 omni
1707 2869 2131 2935 humanitatis
2178 2869 2512 2954 obsequiO.
2600 2865 2785 2933 Senior

489 2970 658 3034 enim
736 2971 1073 3055 theologiae
1149 2972 1378 3038 doctor
1440 2995 1481 3039 a
1537 2973 1798 3059 juniore
1866 2974 2259 3059 praedicatur
2322 2982 2391 3039 et
2471 2995 2621 3040 sane
2678 2970 2786 3055 ejus

489 3075 786 3141 doctrina
854 3077 938 3141 ab
997 3078 1117 3143 hac
1165 3079 1477 3163 dignitate
1550 3103 1673 3146 non
1742 3081 2068 3146 abhorret.
2178 3081 2411 3145 Junior
2480 3100 2627 3145 vero
2692 3094 2785 3160 pro

489 3187 684 3246 aetate
727 3202 844 3247 sua
892 3184 1094 3249 musis
1139 3184 1453 3252 incumbit
1486 3194 1553 3253 et
1597 3188 1778 3271 poesi
1824 3187 2255 3270 oratoriaeque
2302 3192 2485 3251 totus
2514 3181 2785 3267 invigilat.

487 3286 778 3370 Reliquit
841 3289 1196 3373 quinetiam
1268 3292 1494 3358 abbati
1562 3298 1788 3358 nostro
1857 3292 2143 3357 carmina
2208 3312 2335 3357 non
2406 3290 2664 3375 illepida
2721 3282 2787 3349 ad

486 3390 797 3458 honorem
843 3414 891 3460 s.
937 3396 1144 3477 patris
1201 3398 1407 3463 nostri
1455 3398 1805 3464 Benedicti.
1881 3395 2008 3463 Sed
2054 3396 2215 3481 quid
2258 3398 2493 3481 plura?
2536 3387 2788 3461 Tractati

490 3503 643 3563 sunt
701 3498 784 3563 ab
830 3498 1071 3566 abbate
1131 3522 1276 3567 meo
1335 3511 1473 3568 tum
1530 3504 1613 3569 ob
1676 3504 1951 3590 gratiam
2013 3503 2141 3581 tui,
2218 3509 2357 3568 tum
2418 3502 2505 3568 ob
2564 3500 2785 3566 illorum

491 3602 854 3669 doctrinam
901 3612 968 3671 et
1015 3607 1446 3673 eruditionem
1504 3609 1721 3676 triduo
1777 3608 2153 3675 lautissime.
2247 3608 2413 3674 Dedi
2474 3604 2785 3693 quinetiam

489 3708 583 3773 eis
631 3707 856 3776 literas
902 3712 988 3776 ad
1033 3714 1316 3796 priorem
1351 3714 1376 3753 ⁵
1441 3718 1650 3782 sancti
1696 3715 1912 3799 magni
1955 3716 2021 3780 in
2067 3714 2364 3781 faucibus
2425 3714 2537 3801 qui
2578 3718 2647 3777 ut
2684 3726 2784 3773 non

488 3812 736 3894 dubit0,
770 3816 1230 3884 humanissime
1278 3842 1390 3887 eos
1450 3814 1754 3906 suscepit.
1818 3820 2140 3887 Caeterum
2187 3820 2360 3905 quod
2400 3819 2623 3887 scribis
2665 3834 2784 3881 cau-

487 3940 628 3985 sam
673 3927 853 3988 tuam
909 3923 1128 3989 Romae
1178 3947 1319 3992 esse
1367 3926 1725 4006 definitam,
1787 3926 1906 3992 tibi
1961 3926 2196 3992 mirum
2241 3927 2307 3990 in
2364 3924 2623 3993 modum
2669 3939 2784 4007 gra·

483 4025 676 4106 tulor‚
709 4032 800 4106 tu,
847 4028 1055 4108 velim,
1101 4029 1214 4095 ubi
1263 4054 1406 4097 eam
1452 4034 1843 4099 sententiam
1888 4031 1973 4097 ad
2018 4032 2279 4117 plenum
2304 4030 2661 4107 extorseris,
2701 4043 2782 4089 me

1640 4161 1674 4197 ,ιι

631 4251 649 4295 1
695 4244 860 4296 Abboe
885 4247 1070 4315 nostri]
1097 4248 1376 4300 Leonhard
1407 4250 1754 4303 Widenmann
1782 4270 1826 4304 s.
1854 4270 1902 4305 ο.
2036 4257 2064 4302 2
2102 4252 2369 4305 Conclusa
2400 4258 2440 4303 1.
2571 4252 2601 4299 3
2636 4245 2780 4294 Viros·

483 4333 604 4401 que]
631 4333 889 4384 Rencblin
917 4336 1061 4385 hatte
1099 4337 1233 4386 oben
1261 4354 1362 4389 nur
1384 4355 1488 4389 von
1526 4341 1693 4391 einem
1721 4342 2067 4410 gesprocben.
2214 4348 2247 4393 4
2286 4344 2383 4393 Am
2408 4338 2561 4392 rand:
2614 4340 2726 4385 nott
2748 4333 2781 4377 l·

487 4424 518 4471 5
553 4422 722 4503 ¹Prior]
774 4423 962 4473 Gallus
997 4424 1298 4491 Kneringer
1347 4427 1397 4476 in
1439 4425 1639 4479 Fiissen.
1714 4430 2028 4481 Zahlresche
2078 4429 2245 4483 briere
2295 4446 2399 4483 von
2450 4430 2555 4483 ihm
2604 4422 2697 4475 und
2726 4432 2777 4469 an

483 4510 574 4560 ibn
613 4510 731 4561 sind
775 4512 826 4563 in
866 4499 957 4564 der
995 4515 1295 4565 erwtthnten
1335 4514 1772 4589 briefsammlung
1810 4518 2061 4574 erhulten.
