2950 5042
1577 379 1735 462 2268

465 572 878 668 &brienne
910 586 1207 653 Pontifex
1237 587 1540 668 Maxime,
1586 610 1627 653 a
1659 588 2027 673 Pythagora
2074 590 2215 673 ejus
2246 573 2524 655 nominis
2553 591 2795 671 parente

470 678 736 779 primo,
803 693 889 759 ad
963 714 1250 761 summos
1313 693 1607 760 homines
1666 695 2131 761 excellentibus
2190 695 2464 780 ingeniis
2520 692 2796 778 praeditos

463 798 643 864 :olim
689 798 908 865 delata
953 800 1563 885 pei-quamplurimis
1609 801 1794 865 annis
1838 801 2082 884 ingenti
2114 800 2358 866 lat-ratu
2390 800 2799 885 sophistarum

490 905 822 971 occiderat
867 911 999 969 tam
1031 905 1162 970 diu
1208 904 1497 971 tenebris
1547 912 1615 969 et
1660 901 1863 972 densa
1906 913 2097 973 nocte
2145 907 2431 992 sepulta,
2495 924 2799 991 quousque
2911 968 2912 993 ξ

486 996 688 1077 deum
733 1010 954 1076 favore
1001 1010 1110 1077 Sol
1160 1012 1364 1076 omnis
1411 1012 1667 1094 generis
1714 1014 2109 1097 optimorum
2169 1012 2565 1096 studiorum,
2610 1010 2802 1075 claris-
2911 1004 2912 1015 ³

490 1116 696 1183 simus
741 1116 1132 1182 Laurentius
1181 1115 1470 1181 Medices
1517 1122 1707 1200 pater
1754 1124 1939 1198 tuus,
2002 1119 2221 1203 Magni
2268 1117 2488 1185 Cosmi
2544 1136 2801 1201 propago

488 1221 876 1289 Florentium
925 1220 1208 1305 civitatis
1256 1222 1579 1306 princepe,
1628 1224 2009 1291 exoriretur.
2104 1224 2307 1303 Quem
2364 1225 2491 1289 etsi
2526 1221 2804 1298 novimus,

488 1327 706 1393 animo
755 1332 822 1393 et
881 1328 1150 1394 scientia
1212 1327 1615 1411 gubernandi
1664 1330 2133 1413 rempublicam
2192 1335 2259 1395 et
2317 1329 2496 1394 domi
2552 1322 2805 1411 bellique

489 1432 707 1501 omnia
777 1432 1048 1499 consilia
1107 1454 1186 1498 ac
1251 1432 1603 1517 prudentia
1660 1435 1926 1518 gerendi
1994 1441 2130 1501 tam
2190 1434 2389 1501 fuisse
2452 1439 2805 1518 compotem,

488 1546 566 1605 ut
605 1558 793 1604 nemo
855 1544 1048 1603 aetate
1096 1557 1216 1605 sua
1276 1539 1340 1603 in
1414 1538 1583 1604 civili
1671 1540 2137 1607 exercitatione
2221 1541 2561 1606 videretur
2633 1538 2807 1621 magis

467 1642 885 1723 «laudandus,
950 1648 1170 1709 tamen
1234 1643 1320 1709 ad
1373 1643 1499 1709 hoc
1561 1645 1745 1711 nobis
1808 1668 1952 1711 eum
2010 1646 2207 1711 fateri
2250 1652 2519 1731 ‘oportet
2565 1664 2804 1711 commo·

488 1749 634 1816 dius
695 1755 925 1816 natum
979 1770 1126 1815 esse
1186 1749 1455 1834 perinde
1518 1756 1717 1835 atque
1780 1752 2036 1817 coelitus
2097 1752 2486 1831 demissum,
2556 1756 2632 1816 ut
2684 1754 2805 1834 post

487 1854 873 1942 eloquentia}
931 1854 1304 1940 disciplinas
1351 1862 1420 1920 et
1465 1856 1889 1923 benedicendi
1936 1862 2115 1923 artes
2158 1878 2201 1922 a
2248 1857 2645 1937 Petrai-obis,
2690 1853 2803 1919 Phi·
2911 1836 2912 1863 ³

485 1960 746 2047 lelphis‚
798 1960 1208 2046 Aretinisque
1257 1960 1627 2027 rhetoribus
1688 1968 1839 2027 ante
1879 1963 2203 2047 juventuti
2252 1962 2643 2028 Florentinae
2702 1967 2806 2025 tra·
2911 2020 2912 2027 ,

487 2064 691 2147 ditas,
769 2087 898 2151 quo
975 2086 1150 2131 esse·
1185 2066 1432 2152 absque
1500 2068 1943 2133 controversia
2010 2075 2278 2152 possent
2346 2069 2525 2134 cives
2586 2066 2801 2133 cunctis

494 2170 866 2239 nationibus
913 2172 1148 2237 exteris
1180 2172 1481 2238 nitidiore
1530 2172 1853 2239 scribendi
1885 2173 2133 2238 calamo
2184 2179 2251 2239 et
2280 2174 2577 2257 puritate
2607 2174 2804 2255 linguae
2911 2172 2912 2203 ³

492 2279 888 2358 ornatiores,
945 2278 1084 2362 ipse
1149 2278 1416 2345 tandem
1462 2280 1693 2363 patriae
1749 2279 2021 2344 inferret
2068 2300 2327 2364 quoque
2383 2279 2573 2345 illam
2618 2277 2805 2362 expul-

488 2384 718 2451 tricem
755 2384 1067 2461 ,vitiorem
1103 2385 1486 2468 sapientiam
1515 2391 1581 2449 et
1612 2406 1998 2450 arcanorum
2030 2385 2473 2469 investigandi
2505 2386 2808 2460 rationem,

461 2511 637 2575 ,quae
684 2490 752 2555 in
799 2489 982 2555 libris
1053 2496 1119 2555 et
1179 2490 1611 2555 monumentis
1669 2491 2030 2577 priscorum
2089 2490 2173 2559 ad
2230 2512 2348 2557 sua
2407 2513 2619 2577 usque
2678 2496 2809 2554 tem-

495 2617 658 2681 pora
701 2596 1068 2661 latuissent.
1126 2676 1140 2683 η

671 2702 772 2767 Ad
818 2700 884 2766 id
927 2702 1268 2785 provinciae
1305 2701 1648 2784 diligenter
1700 2702 1931 2767 accivit
1960 2702 2395 2788 undequaque
2430 2701 2807 2767 doctissimos

459 2813 559 2875 'et
607 2800 911 2873 'veterum
974 2814 1281 2873 autorum
1346 2807 1774 2893 peritissimos
1849 2810 2021 2873 viros
2084 2808 2321 2893 quibus
2400 2823 2557 2874 cum
2620 2827 2805 2873 rerum
2911 2800 2912 2853 ἶ

489 2912 762 2979 scientia
823 2912 1016 2977 etiam
1082 2912 1245 2977 satis
1309 2920 1483 2978 esset
1558 2914 1972 2998 eloquentiae,
2041 2915 2449 2996 Demetrium
2533 2912 2809 2980 Chalcon-

461 3016 699 3103 dylen,
749 3017 1111 3082 Max-silium
1157 3018 1207 3082 F
1209 3018 1476 3098 icinum,
1542 3019 1891 3103 Georgium
1940 3004 2359 3104 Vespucium‚
2422 3017 2813 3102 Christopho-

487 3144 632 3189 rum
662 3122 1042 3202 Landinum,
1093 3124 1413 3203 Valorem,
1459 3124 1769 3208 Angelum
1806 3126 2219 3208 Politianum‚
2267 3126 2593 3192 Joannem
2619 3125 2811 3190 Picum

491 3226 878 3295 Mirandulae
943 3229 1271 3310 comitem,
1335 3236 1734 3315 caeterosque
1797 3232 1971 3297 orbis
2031 3230 2538 3312 eruditissimos,
2606 3228 2813 3315 quibus

489 3334 907 3419 antiquorum
966 3333 1234 3401 solertia
1295 3341 1362 3401 et
1421 3357 1665 3401 arcana
1724 3344 2017 3405 vetustas
2080 3337 2491 3422 malignitate
2570 3352 2808 3403 casuum
2911 3402 2913 3425 L

487 3534 638 3587 nicht
675 3536 943 3601 ‹ei-baltea,
991 3553 1046 3587 er
1093 3538 1328 3589 schreibt
1377 3554 1443 3589 an
1508 3472 1892 3591 Pircgheimer:
1946 3539 2151 3589 litteras
2200 3541 2285 3591 Jo.
2337 3539 2605 3591 Renchlin
2654 3532 2810 3601 accepi

489 3624 605 3688 (der
672 3625 815 3676 brief
869 3630 940 3675 ist
1007 3625 1216 3678 sreilich
1272 3627 1418 3678 nicht
1469 3628 1617 3680 mehr·
1666 3628 1944 3695 erhalten),
1982 3628 2173 3679 librum
2226 3630 2338 3693 ejus
2390 3628 2654 3691 nondum,
2706 3639 2811 3690 quo·

487 3715 630 3765 niam
670 3714 796 3764 Petz
835 3715 1216 3780 (Hieronymus
1267 3718 1364 3766 wie
1419 3718 1695 3767 Heumann
1748 3721 1890 3785 sagt)
1954 3716 2220 3767 mercibus
2278 3716 2450 3768 adhuc
2491 3717 2709 3767 Veronae
2742 3716 2805 3759 est

490 3803 794 3867 (Heumann
835 3818 879 3852 a.
921 3820 966 3852 a.
1004 3821 1050 3853 o.
1089 3819 1130 3854 s.
1169 3807 1276 3871 34).
1359 3807 1492 3855 1516
1533 3805 1728 3855 meldet
1766 3806 1961 3855 bereits
1988 3806 2225 3856 Gen-hard
2256 3806 2505 3871 Lystrius
2545 3806 2657 3855 dem
2682 3804 2809 3853 Eras-

487 3906 627 3943 must
678 3892 894 3957 scripsit
943 3891 1073 3941 mibi
1113 3892 1404 3954 CaesariuS,
1461 3894 1784 3961 Capnionem
1824 3909 2005 3945 curare
2050 3894 2192 3960 apud
2231 3894 2492 3943 Thomam
2534 3891 2808 3945 Anselmum

487 3980 718 4047 imprimi
773 3986 933 4030 artem
994 3979 1358 4031 cabalisticam
1418 3990 1466 4031 et
1525 3982 1911 4047 philosophiam
1970 3982 2394 4048 pythagoricam·
2442 3982 2530 4031 Er.
2572 3998 2684 4047 opp.
2733 3976 2808 4036 111,

459 4068 593 4121 -ool.
649 4070 808 4131 1587,
862 4068 1096 4134 Append.
1151 4084 1261 4118 nro.
1314 4070 1448 4119 CIV.
1527 4070 1678 4119 Auch
1734 4069 1932 4119 Luther
1978 4071 2071 4121 hat
2120 4070 2214 4120 das
2262 4071 2403 4121 werk
2456 4070 2685 4121 benutzt.
2746 4063 2805 4112 Er

487 4156 725 4209 schreibt
761 4172 826 4207 an
857 4156 1094 4223 Spalatin
1135 4159 1200 4207 29
1227 4156 1359 4207 Juni
1393 4160 1525 4207 1518
1574 4157 1661 4217 (de
1691 4160 1877 4221 Wette‚
1914 4159 2137 4209 Luthers
2172 4158 2352 4220 briefe,
2390 4158 2570 4209 Berlin
2613 4152 2802 4211 1825.1,

487 4259 530 4297 s.
576 4247 722 4310 127st
796 4244 946 4307 Quod
985 4252 1038 4295 et
1073 4245 1350 4296 Johannes
1388 4246 1646 4297 Reuchlin
1701 4246 1755 4295 in
1794 4246 2027 4297 secundo
2074 4246 2207 4299 libro
2256 4246 2501 4299 Gabbalae
2544 4260 2649 4295 sum
2691 4240 2800 4291 satis

490 4331 736 4385 affirmat:
781 4333 920 4397 quod
967 4336 1012 4385 si
1067 4333 1178 4383 ulla
1213 4335 1511 4385 necessaria
1550 4341 1633 4386 est
1668 4334 1961 4397 dialectica,
2014 4335 2271 4385 naturalis
2310 4336 2407 4385 illa
2444 4334 2675 4400 ingenita
2707 4326 2797 4380 sus-

489 4418 616 4479 ficit,
656 4436 762 4484 qua
796 4420 950 4473 homo
989 4428 1222 4493 promtus
1261 4429 1342 4477 est
1377 4424 1611 4477 conferre
1650 4422 1851 4479 credita
1884 4439 2003 4480 otim
2040 4424 2280 4493 creditis,
2316 4430 2368 4477 et
2403 4423 2481 4479 sic
2516 4416 2795 4480 concludere

465 4520 634 4563 ,verm
675 4560 678 4563 ,
