2950 5042
1330 394 1454 460 161

410 581 695 649 Summa:
750 583 825 649 In
880 586 1136 649 tantum
1192 604 1313 667 pro
1372 582 1492 651 tua
1554 581 1994 651 dominatione
2041 606 2161 671 me¹
2189 585 2430 669 obtuli,
2471 592 2550 655 ut

252 688 408 769 prior
464 694 710 769 noster,
772 687 1117 773 inquisitor
1177 687 1467 771 diceret,
1519 710 1590 756 se
1651 710 1778 757 non
1835 710 2026 773 posse
2071 691 2349 775 amplius
2397 713 2440 760 a
2481 698 2551 761 te

253 800 525 875 expetere
592 814 789 879 quam
856 814 975 878 ego
1040 794 1524 878 promittebam.
1617 794 1804 861 Unde
1871 795 1956 861 ad
2025 795 2146 863 hoc
2206 797 2551 865 deventum

250 906 335 962 est
374 897 454 963 ad
498 918 709 965 meam
754 897 1193 965 fidelissimam
1237 899 1636 981 instantiam,
1679 905 1759 967 ut
1795 902 2036 967 iterum
2065 901 2152 968 ad
2182 907 2250 969 te
2281 904 2552 970 nuncius

248 1004 475 1069 nomine
547 1003 879 1071 facultatis
935 1003 1312 1089 theologicae
1366 1006 1389 1045 ¹
1450 1004 1697 1087 veniat,
1759 1006 1872 1091 qui
1933 1011 2060 1077 tuae
2131 1006 2552 1074 dominationi

243 1108 575 1176 insinuabit
620 1117 902 1177 mentem
948 1109 1300 1192 facultatis,
1350 1130 1546 1196 quam
1602 1130 1682 1176 ex
1735 1110 1998 1195 scriptis
2050 1112 2286 1196 prioris
2341 1112 2550 1179 nostri

244 1214 519 1295 accipies.
614 1215 707 1281 Ut
781 1220 1002 1281 autem
1058 1216 1303 1297 omnia,
1362 1216 1595 1282 animae
1655 1221 1722 1283 et
1781 1236 2032 1296 rerum,
2096 1214 2427 1283 hominum
2481 1221 2554 1283 et

244 1317 745 1403 adversariorum
811 1320 1103 1404 pericula
1170 1321 1440 1403 evadas,
1499 1342 1732 1407 meque
1791 1341 2084 1388 veracem
2151 1322 2552 1407 comprobes,

240 1424 337 1508 qui
378 1430 503 1491 tuae
559 1447 850 1511 syncerae
880 1425 1063 1507 fidei,
1108 1424 1191 1507 de
1224 1447 1355 1513 qua
1387 1446 1717 1513 nunquam
1749 1426 2061 1507 dubitavi,
2111 1428 2550 1495 testimonium

240 1530 567 1596 maximum
614 1530 933 1615 perhibui,
980 1537 1183 1614 tuum,
1228 1532 1514 1617 inquam,
1561 1533 1688 1599 erit
1731 1538 1878 1616 post
1926 1532 2256 1616 exemplar
2313 1554 2549 1618 propo·

240 1634 552 1719 sitionum,
603 1636 780 1723 quod
827 1658 972 1703 cum
1019 1637 1449 1721 praesentibus
1496 1638 1684 1705 mitto
1703 1687 1718 1717 ,
1776 1638 1956 1704 ocius
2014 1635 2328 1704 conficere
2384 1644 2553 1703 trac-

236 1740 512 1823 tatnlum,
562 1742 777 1809 adhuc
822 1743 890 1809 in
936 1724 1236 1811 nundinis
1284 1742 1598 1827 proximis
1653 1740 2338 1809 Francofordiensibus
2399 1763 2548 1809 ven-

238 1845 531 1930 dendum,
594 1870 723 1933 quo
778 1847 1077 1915 omnibus
1124 1846 1522 1929 satisfacias,
1579 1852 1648 1915 et
1703 1852 1770 1913 te
1829 1846 2236 1931 animamque
2283 1853 2462 1913 tuam
2508 1867 2551 1912 a

232 1959 529 2037 perpetuo
588 1953 825 2020 foetore
896 1954 1133 2021 liberes
1156 2003 1172 2033 ,
1256 1974 1381 2019 non
1452 1953 1866 2038 compulsus,
1936 1951 2053 2019 sed
2117 1958 2232 2019 tua
2300 1957 2550 2035 sponte.

237 2057 436 2124 Facile
480 2058 772 2126 invenies
818 2057 1109 2137 modum,
1158 2079 1285 2145 quo
1332 2058 1399 2125 id
1446 2056 1708 2139 efficies,
1753 2063 1982 2142 utpote
2026 2058 2552 2141 repraesentando

233 2182 382 2229 nunc
425 2165 491 2231 in
540 2164 895 2231 formatum
954 2163 1352 2249 theologum,
1402 2164 1516 2250 qui
1573 2164 1785 2247 prius,
1830 2170 1907 2229 ut
1963 2185 2180 2231 rerum
2241 2164 2553 2248 theologi-

232 2288 431 2335 carum
482 2291 742 2353 expers,
788 2290 869 2333 ex
915 2275 1208 2352 tempore
1256 2267 1595 2353 scripseris
1640 2268 1893 2353 legista.

388 2375 521 2443 Oro
569 2396 692 2458 pro
738 2380 853 2440 tuo
899 2374 1141 2440 honore
1189 2381 1256 2440 et
1300 2396 1449 2441 mea
1493 2373 1842 2456 charitate,
1899 2396 1980 2441 ne
2026 2372 2149 2441 tibi
2192 2373 2359 2439 hanc
2405 2372 2555 2439 sub-

232 2479 407 2545 eundi
462 2479 865 2564 provinciam
913 2478 1267 2546 difficultas
1326 2479 1550 2566 aliqua
1613 2480 1716 2546 sit.
1807 2480 1974 2545 Nam
2034 2480 2157 2547 nisi
2218 2500 2386 2547 nunc
2439 2499 2554 2563 pa-

230 2586 442 2666 rueris,
503 2606 635 2652 non
691 2584 875 2651 video
939 2584 1097 2670 quid
1158 2582 1435 2669 amplius
1493 2606 1612 2669 pro
1675 2591 1743 2651 te
1801 2584 2062 2669 possim.
2154 2585 2290 2669 Age
2337 2584 2555 2669 igitur,

230 2709 353 2773 age,
396 2690 486 2755 mi
534 2688 915 2757 charissime
963 2690 1209 2769 doctor,
1257 2697 1324 2757 et
1368 2690 1622 2776 aliquot
1665 2695 1888 2757 noctes
1946 2688 2164 2756 ducito
2209 2689 2558 2768 insomnes,

232 2799 291 2859 et
346 2800 411 2861 te
470 2802 673 2882 atque
733 2802 882 2862 tuos
936 2796 1180 2862 amicos
1234 2796 1443 2863 libera
1496 2796 1580 2862 ab
1643 2794 1815 2861 omni
1867 2794 2058 2861 malo.
2159 2793 2373 2859 Facile
2433 2793 2563 2859 erit

232 2901 403 2985 sequi
449 2921 620 2986 quas
666 2900 857 2966 mitto
902 2899 1384 2987 objurgationes
1430 2900 1668 2987 quibus
1713 2899 1942 2986 utique
1974 2905 2286 2985 tanquam
2331 2896 2556 2965 solidis

230 3004 403 3071 inniti
452 3028 683 3073 secure
730 3011 937 3091 potes.
1030 3007 1279 3086 Quibus
1325 3028 1467 3074 cum
1517 3013 1585 3073 te
1631 3005 2163 3087 conformaveris,
2210 3026 2398 3072 nemo
2442 3005 2556 3071 ad-

232 3132 477 3179 versum
557 3118 624 3179 te
686 3111 1086 3196 praevalebit.
1180 3114 1267 3179 Et
1336 3132 1454 3177 ora
1527 3110 1945 3177 clamantium
2012 3111 2437 3179 obstruantur
2493 3115 2564 3177 et

230 3214 421 3284 honor
467 3225 629 3285 tuus
677 3217 895 3285 salvus
940 3218 1083 3285 erit.
1175 3218 1395 3301 Spero,
1444 3216 1598 3303 quia
1627 3215 1910 3282 animam
1943 3223 2010 3283 et
2040 3216 2349 3284 honorem
2379 3223 2563 3284 tuum

231 3342 347 3388 non
406 3323 715 3409 negliges.
807 3325 1047 3408 Accipe
1108 3344 1253 3409 quae
1300 3319 1515 3390 scribo
1563 3320 2014 3407 syncerissimo
2073 3323 2288 3390 animo
2343 3323 2450 3407 pie
2498 3327 2566 3389 et

232 3430 414 3495 crede
480 3430 544 3495 ei
603 3429 717 3514 qui
774 3436 873 3511 te,
929 3451 1056 3496 non
1118 3430 1402 3513 seipsum
1466 3428 1719 3513 quaerit.
1811 3428 1941 3493 Oro
1995 3427 2232 3493 iterum
2289 3436 2365 3494 ut
2421 3448 2567 3493 cum

233 3534 645 3614 praesentium
692 3536 900 3602 latore
944 3518 1244 3601 facultati
1276 3532 1544 3614 scribaS,
1577 3538 1656 3597 ut
1683 3532 2039 3617 importuni
2071 3532 2566 3613 confundantur,

242 3641 385 3722 quia
432 3642 523 3706 ad
568 3646 791 3708 votum
839 3641 977 3727 ejus
1023 3641 1293 3707 licenter
1339 3644 1405 3705 et
1450 3642 1750 3722 prompte
1797 3637 2144 3704 emendare
2173 3637 2349 3703 velis.
2428 3637 2568 3715 Quo

234 3740 365 3825 fiet,
420 3750 501 3811 ut
554 3767 672 3830 ego
729 3768 886 3812 vera
949 3746 1279 3829 pollicitus
1336 3743 1417 3809 de
1462 3749 1531 3808 te
1578 3742 1828 3824 videar,
1885 3748 1953 3808 et
2008 3741 2188 3809 locus
2233 3740 2570 3807 calumniae

236 3849 517 3932 tollatur,
564 3851 685 3919 hoc
728 3872 985 3937 nanque
1033 3874 1149 3919 nos
1197 3848 1608 3916 commendat
1655 3854 1722 3914 et
1765 3849 1831 3913 in
1861 3847 2036 3913 nullo
2069 3846 2296 3913 obesse
2327 3850 2566 3930 potest.

236 3946 557 4024 Laboravi
586 3958 957 4042 specialiter
974 3978 1093 4042 pro
1123 3956 1221 4023 tui
1242 3954 1613 4021 defensione
1635 3974 1830 4039 super
1849 3954 1977 4019 isto
2002 3952 2277 4020 articulo
2300 3973 2425 4036 quo
2450 3948 2574 4017 tibi

237 4059 722 4149 impingebatur,
772 4062 928 4149 quia
959 4062 1347 4147 scripsisseS,
1379 4060 1710 4128 Christum
1733 4060 1758 4098 2
1788 4058 2072 4144 legitime
2121 4064 2188 4125 et
2223 4056 2506 4141 juridice
2531 4074 2574 4123 a

1376 4236 1411 4278 lb

383 4348 406 4396 1
447 4342 751 4413 Theologiae
776 4350 827 4400 2.
898 4350 927 4397 2
956 4344 1223 4399 Christum
1248 4381 1262 4397 .
1290 4383 1303 4397 .
1330 4343 1752 4413 condemnatum]
1771 4343 1867 4396 das
1891 4340 1984 4395 hat
2020 4340 2117 4396 wol
2139 4340 2400 4393 Reuchlin
2425 4340 2576 4393 nicht

246 4442 437 4499 gesagt,
460 4436 690 4488 sondern
716 4450 839 4491 nur:
866 4436 1085 4487 darumb
1111 4472 1125 4487 .
1154 4472 1165 4486 .
1194 4435 1288 4486 das
1309 4434 1387 4485 sie
1414 4432 1710 4497 schreiben,
1751 4434 1845 4485 das
1866 4434 2026 4484 Jesus
2062 4430 2186 4480 kain
2211 4437 2308 4496 got
2333 4432 2428 4494 sei,
2451 4427 2576 4479 und

248 4519 405 4663 ⁸2⁰⁸
442 4522 550 4575 das
588 4524 821 4576 darana
862 4524 1072 4593 volgt,
1109 4524 1204 4575 das
1242 4524 1314 4575 ist
1353 4524 1401 4575 ir
1426 4524 1609 4591 glaub,
1647 4523 1751 4575 und
1782 4522 1994 4575 wollent
2019 4519 2210 4654 dsr¹m¹it
2235 4520 2442 4571 nieman
2481 4533 2572 4585 ge·

346 4624 581 4667 euchlin
