2950 5042
1432 444 1447 453 ’
1557 446 1686 513 110

463 636 621 703 nihil
666 636 874 702 adhuc
923 656 1003 702 ex
1047 658 1151 702 me
1182 634 1480 703 habetur.
1573 636 1694 703 Est
1723 639 1891 705 enim
1923 638 2242 706 altissima
2272 640 2788 724 speculationum

464 764 656 828 quam
724 741 977 825 linguae
1058 741 1408 807 hebraicae
1486 742 1680 827 plena
1751 746 2029 829 cognitio
2111 745 2307 813 debet
2375 746 2788 825 antecedere,

466 869 665 932 quare
698 848 989 933 discipuli
1022 848 1203 930 prius
1246 848 1673 915 concinnandi
1706 857 1875 915 sunt.
1953 850 2050 916 De
2095 850 2350 917 nomine
2382 853 2795 935 Tetragram-

462 961 681 1019 maton
717 955 768 1019 si
801 952 1195 1037 Capnionem
1227 960 1520 1019 nostrum
1547 957 1562 991 ¹
1599 952 1951 1039 perlegeris
1979 956 2283 1037 invenies,
2329 958 2492 1023 illud
2524 962 2794 1041 propter

464 1060 881 1125 excellentiae
928 1080 1085 1125 suae
1128 1061 1556 1125 reverentiam
1587 1061 1974 1145 quandoque
2006 1062 2246 1129 notulis
2275 1063 2422 1129 aliis
2451 1060 2793 1142 conscribi,

462 1187 543 1231 ne
590 1166 962 1251 quotidiano
1008 1187 1133 1232 usu
1180 1165 1465 1232 vilescat.
1560 1164 1772 1245 Quare
1805 1166 2016 1233 solent
2059 1169 2312 1253 quoties
2341 1168 2408 1235 in
2439 1168 2792 1235 chartaceo

460 1293 707 1357 papyro
755 1272 1141 1356 depingitur,
1188 1293 1314 1337 non
1360 1272 1631 1355 integris
1677 1272 1915 1339 litteris
1962 1272 2285 1359 effingere,
2333 1274 2445 1341 sed
2495 1274 2792 1341 ultimam

464 1399 608 1443 cum
656 1376 906 1457 daleth,
963 1378 1064 1443 vel
1110 1383 1273 1462 quot
1316 1383 1546 1443 notare
1595 1378 1722 1443 sic:
1769 1390 1919 1438 *nro
1973 1378 2074 1445 vel
2137 1392 2286 1449 Ῥῆπ·
2353 1386 2470 1445 aut
2533 1376 2793 1445 omnino

462 1483 608 1551 aliis
669 1484 835 1549 notis
860 1532 874 1548 .
900 1533 915 1549 .
942 1532 957 1549 .
984 1481 1028 1564 ⁸,
1089 1505 1201 1549 seu
1256 1483 1384 1549 alio
1445 1484 1675 1568 quovis
1721 1483 1943 1564 m0d0,
2011 1484 2163 1551 dum
2209 1506 2336 1551 non
2383 1484 2515 1551 sint
2559 1485 2792 1551 literae

462 1588 670 1673 Moysi
716 1588 1025 1657 revelatae
1074 1610 1237 1673 quae
1270 1587 1476 1654 solum
1509 1590 1682 1657 inter
1714 1610 1901 1656 sacra
1933 1589 2190 1675 eloquia
2217 1590 2617 1657 membranis
2651 1612 2796 1657 con-

462 1696 707 1779 scripta
752 1693 1174 1761 conformant.
1253 1694 1539 1773 Quaestio
1571 1700 1688 1760 tua
1735 1694 1814 1761 de
1863 1694 2216 1765 dictionum
2263 1696 2522 1781 punctis
2578 1694 2792 1762 absol-

461 1801 635 1865 vitur
698 1800 887 1867 titulo
943 1800 1475 1872 rudimentorum.
1571 1800 1693 1879 Qui
1759 1802 1928 1867 enim
1990 1800 2326 1881 erudiunt,
2385 1822 2511 1868 non
2575 1801 2790 1866 omnia

462 1911 686 1971 secant
729 1905 813 1971 ad
857 1905 1065 1971 vivum
1095 1956 1113 1985 ,
1183 1906 1300 1973 sed
1345 1907 1704 1973 admittunt
1748 1908 2041 1975 sarculos
2073 1908 2136 1974 in
2167 1929 2407 1974 annum
2448 1914 2789 1975 venturum

460 2010 803 2095 putandos.
892 2012 989 2075 Ea
1014 2010 1041 2051 ⁸
1096 2032 1237 2094 quae
1286 2020 1528 2097 puncta
1575 2012 1917 2098 designant
1963 2035 2092 2079 non
2140 2013 2576 2080 distinctionis
2623 2020 2782 2091 sunt,

462 2115 577 2181 sed
637 2117 735 2181 vel
789 2115 1109 2199 prosodiae
1173 2117 1274 2183 vel
1332 2124 1729 2202 temporum,
1788 2120 1888 2185 vel
1946 2120 2320 2203 passionum
2383 2125 2556 2185 notae
2617 2118 2787 2203 apud

462 2220 744 2287 Graecos
788 2222 999 2310 χρόνοι,
1030 2222 1223 2310 τόμοι,
1268 2224 1606 2312 πνεύματα,
1653 2224 2006 2312 παθήματα,
2055 2224 2136 2290 de
2183 2245 2313 2309 qua
2358 2246 2433 2289 re
2479 2224 2788 2309 perfectis

460 2327 809 2411 perfectior
854 2332 953 2391 est
1010 2324 1367 2411 disciplina.
1462 2328 1646 2406 Quod
1704 2329 2112 2395 chaldaicum
2168 2329 2619 2395 characterem
2681 2329 2787 2394 de-

460 2433 747 2518 syderaS,
817 2432 975 2497 nihil
1034 2430 1255 2499 differt
1312 2454 1391 2499 ea
1435 2433 1658 2515 litera,
1705 2436 1898 2501 crede
1945 2434 2120 2514 mihi,
2167 2434 2254 2501 ab
2299 2433 2624 2513 hebraea,
2671 2433 2787 2499 sed

458 2539 701 2604 eisdem
747 2537 964 2622 figuris
1012 2536 1322 2605 scribitur
1368 2539 1744 2606 chaldaicus
1791 2546 1858 2609 et
1901 2539 2248 2607 hebraicus
2287 2560 2516 2605 sermo.
2597 2538 2789 2623 Syro-

456 2667 603 2713 rum
669 2665 747 2712 ea
810 2650 910 2709 est
971 2642 1225 2727 lingua,
1297 2667 1493 2729 quam
1565 2645 1866 2711 Gallilaei
1933 2667 2156 2713 omnes
2229 2651 2297 2712 et
2356 2644 2659 2711 Christus
2723 2651 2791 2710 et

457 2751 736 2836 apostoli
765 2750 1131 2816 habuerunt
1176 2750 1241 2815 in
1292 2772 1430 2817 usu.
1523 2751 1658 2817 Nec
1703 2752 1910 2835 major
1954 2750 2214 2817 illarum
2263 2748 2632 2834 linguarum
2679 2757 2787 2816 est

458 2857 827 2942 disparitas,
890 2877 1079 2941 quam
1143 2855 1319 2941 aqud
1374 2878 1492 2923 nos
1541 2856 1898 2923 Germanos
1957 2854 2188 2921 bassae
2255 2860 2324 2921 et
2396 2855 2602 2935 altae,
2669 2876 2786 2921 seu

458 2962 757 3045 Belgicae
804 2967 871 3027 et
915 2960 1267 3045 Bojaricae.
1359 2962 1590 3029 Latius
1636 2962 1812 3047 apud
1856 2970 1923 3028 te
1970 2959 2322 3045 aliquando
2368 2960 2631 3027 futurus
2669 2982 2787 3045 ego

459 3068 783 3153 spatiandi
830 3067 1057 3150 gratia,
1105 3067 1161 3132 si
1198 3067 1433 3151 jubeat
1463 3068 1573 3134 ille
1607 3076 1760 3135 tuus
1792 3067 2277 3133 laudatissimus
2310 3066 2520 3145 Abba,
2568 3073 2787 3132 osten-

459 3173 608 3237 dam
656 3195 773 3257 pro
820 3179 1047 3256 coepta
1090 3174 1263 3239 inter
1308 3196 1425 3239 nos
1472 3174 1729 3257 integra
1774 3172 2211 3239 benivolentia
2242 3170 2555 3257 quicquid
2587 3172 2784 3237 fuerit

459 3284 907 3362 opportunum.
998 3276 1182 3343 Nunc
1230 3280 1469 3363 raptim
1519 3278 1680 3345 haec
1729 3284 1796 3344 et
1848 3278 2286 3362 perfunctorie
2347 3276 2581 3361 scripsi
2642 3278 2785 3366 ἄτερ

458 3385 699 3468 βιβλίων
758 3385 927 3449 inter
983 3384 1529 3465 cementariorum
1577 3383 1834 3468 opificia
1879 3389 1947 3449 et
1993 3383 2322 3449 structiles
2367 3382 2624 3466 lapides
2671 3383 2784 3466 lig·

456 3512 685 3557 norum
732 3510 1013 3557 acervos.
1105 3489 1266 3555 Vale
1314 3489 1655 3557 foeliciter.
1750 3490 1850 3554 Ex
1897 3489 2273 3574 Stutgardia
2325 3492 2516 3569 1509,
2564 3508 2784 3555 mense

458 3597 653 3681 Majo.

633 3707 778 3767 Msc.
811 3705 1091 3781 Ellenbog
1120 3707 1219 3768 lib.
1252 3705 1281 3765 I
1314 3724 1403 3781 ep.
1438 3708 1516 3766 71
1554 3705 1651 3767 sol.
1689 3710 1807 3767 62ει
1836 3708 1924 3769 bis
1959 3702 2105 3767 63¹0.

1527 3886 1718 3955 CVII.

598 3974 940 4029 Ottobeuren.
2316 3978 2346 4027 3
2384 3976 2521 4028 suni
2565 3978 2716 4029 1509.

700 4063 953 4141 Frater
988 4060 1345 4140 Nicolaus
1381 4049 1757 4164 Ellenbog
1793 4060 2162 4166 Capnioni
2199 4064 2532 4140 salutem.

629 4210 1015 4278 Doctissime
1061 4212 1650 4298 humanissimeque
1698 4212 1812 4278 vir.
1890 4212 2129 4301 Accepi
2172 4211 2399 4279 literas
2443 4219 2596 4279 tuas
2642 4233 2780 4280 sua·

457 4316 753 4383 vissimas
799 4316 986 4384 oflicii
1033 4324 1099 4384 et
1143 4318 1576 4385 humanitatis
1621 4317 1849 4402 plenas
1897 4338 2060 4403 quas
2109 4339 2264 4384 sane
2297 4316 2524 4385 Croesi
2555 4318 2779 4403 opibus

1605 4463 1641 4503 ιιι

567 4554 593 4603 1
622 4549 703 4601 De
730 4551 890 4605 verbo
918 4552 1140 4605 mirifico
1166 4554 1318 4605 1494.
1416 4554 1447 4603 2
1470 4551 1592 4620 Vgl.
1615 4551 1700 4604 die
1720 4549 2050 4620 bemerkung
2069 4568 2112 4604 s.
2137 4550 2236 4604 108
2252 4566 2299 4604 a.
2323 4554 2368 4603 1.
2466 4552 2498 4601 3
2525 4552 2608 4603 Tu
2632 4562 2778 4602 mser.
