<?xml version="1.0" encoding="UTF-8"?>
<!DOCTYPE html PUBLIC "-//W3C//DTD XHTML 1.0 Transitional//EN"
    "http://www.w3.org/TR/xhtml1/DTD/xhtml1-transitional.dtd">
<html xmlns="http://www.w3.org/1999/xhtml" xml:lang="en" lang="en">
 <head>
  <title>
</title>
<meta http-equiv="Content-Type" content="text/html;charset=utf-8" />
  <meta name='ocr-system' content='tesseract 3.04.00' />
  <meta name='ocr-capabilities' content='ocr_page ocr_carea ocr_par ocr_line ocrx_word'/>
</head>
<body>
  <div class='ocr_page' id='page_1' title='image "./johannreuchlins00geiggoog/johannreuchlins00geiggoog_0265.png"; bbox 0 0 2950 5042; ppageno 0'>
   <div class='ocr_carea' id='block_1_1' title="bbox 1229 354 1366 425">
    <p class='ocr_par' dir='ltr' id='par_1_1' title="bbox 1229 354 1366 425">
     <span class='ocr_line' id='line_1_1' title="bbox 1229 354 1366 425; baseline -0.015 0"><span class='ocrx_word' id='word_1_1' title='bbox 1229 354 1366 425; x_wconf 77' lang='lat'><strong>255</strong></span> 
     </span>
    </p>
   </div>
   <div class='ocr_carea' id='block_1_2' title="bbox 162 530 2524 3885">
    <p class='ocr_par' dir='ltr' id='par_1_2' title="bbox 162 530 2487 2831">
     <span class='ocr_line' id='line_1_2' title="bbox 179 530 2481 617; baseline 0.002 -20"><span class='ocrx_word' id='word_1_2' title='bbox 179 530 522 599; x_wconf 76' lang='lat' dir='ltr'><strong>illustrasse.</strong></span> <span class='ocrx_word' id='word_1_3' title='bbox 616 530 960 601; x_wconf 87' lang='lat' dir='ltr'><strong>Camillum</strong></span> <span class='ocrx_word' id='word_1_4' title='bbox 1003 530 1300 617; x_wconf 83' lang='lat' dir='ltr'><strong>profecto</strong></span> <span class='ocrx_word' id='word_1_5' title='bbox 1347 532 1635 603; x_wconf 89' lang='lat' dir='ltr'><strong>omnium</strong></span> <span class='ocrx_word' id='word_1_6' title='bbox 1664 532 1991 601; x_wconf 83' lang='lat' dir='ltr'><strong>sententia</strong></span> <span class='ocrx_word' id='word_1_7' title='bbox 2032 532 2100 600; x_wconf 88' lang='lat' dir='ltr'><strong>in</strong></span> <span class='ocrx_word' id='word_1_8' title='bbox 2131 530 2481 601; x_wconf 85' lang='lat' dir='ltr'><strong>Germania</strong></span> 
     </span>
     <span class='ocr_line' id='line_1_3' title="bbox 179 637 2478 725; baseline 0.002 -24"><span class='ocrx_word' id='word_1_9' title='bbox 179 637 352 703; x_wconf 83' lang='lat' dir='ltr'><strong>refers</strong></span> <span class='ocrx_word' id='word_1_10' title='bbox 370 687 385 718; x_wconf 90' lang='lat'>‚</span> <span class='ocrx_word' id='word_1_11' title='bbox 430 645 502 704; x_wconf 89' lang='lat' dir='ltr'><strong>tu</strong></span> <span class='ocrx_word' id='word_1_12' title='bbox 520 687 537 718; x_wconf 94' lang='lat'><strong>,</strong></span> <span class='ocrx_word' id='word_1_13' title='bbox 601 639 713 723; x_wconf 89' lang='lat' dir='ltr'><strong>qui</strong></span> <span class='ocrx_word' id='word_1_14' title='bbox 788 638 991 706; x_wconf 86' lang='lat' dir='ltr'><strong>bonas</strong></span> <span class='ocrx_word' id='word_1_15' title='bbox 1056 637 1283 705; x_wconf 81' lang='lat' dir='ltr'><strong>literas</strong></span> <span class='ocrx_word' id='word_1_16' title='bbox 1353 639 1668 725; x_wconf 76' lang='lat' dir='ltr'><strong>cadentes</strong></span> <span class='ocrx_word' id='word_1_17' title='bbox 1736 646 1807 705; x_wconf 88' lang='lat' dir='ltr'><strong>et</strong></span> <span class='ocrx_word' id='word_1_18' title='bbox 1874 645 2347 705; x_wconf 78' lang='lat' dir='ltr'><strong>marcescentes</strong></span> <span class='ocrx_word' id='word_1_19' title='bbox 2409 638 2478 705; x_wconf 88' lang='lat' dir='ltr'><strong>in</strong></span> 
     </span>
     <span class='ocr_line' id='line_1_4' title="bbox 177 742 2483 827; baseline 0.001 -20"><span class='ocrx_word' id='word_1_20' title='bbox 177 742 476 825; x_wconf 87' lang='lat' dir='ltr'><strong>pristinum</strong></span> <span class='ocrx_word' id='word_1_21' title='bbox 524 744 798 809; x_wconf 88' lang='lat' dir='ltr'><strong>nitorem</strong></span> <span class='ocrx_word' id='word_1_22' title='bbox 845 743 1204 811; x_wconf 84' lang='lat' dir='ltr'><strong>sustuleris.</strong></span> <span class='ocrx_word' id='word_1_23' title='bbox 1299 745 1491 813; x_wconf 87' lang='lat' dir='ltr'><strong>Solus</strong></span> <span class='ocrx_word' id='word_1_24' title='bbox 1536 743 1835 811; x_wconf 89' lang='lat' dir='ltr'><strong>omnibus</strong></span> <span class='ocrx_word' id='word_1_25' title='bbox 1871 743 2213 811; x_wconf 88' lang='lat' dir='ltr'><strong>Germanis</strong></span> <span class='ocrx_word' id='word_1_26' title='bbox 2244 742 2483 827; x_wconf 83' lang='lat' dir='ltr'><strong>ingenii</strong></span> 
     </span>
     <span class='ocr_line' id='line_1_5' title="bbox 179 846 2485 934; baseline 0 -22"><span class='ocrx_word' id='word_1_27' title='bbox 179 846 342 913; x_wconf 88' lang='lat' dir='ltr'><strong>decus</strong></span> <span class='ocrx_word' id='word_1_28' title='bbox 408 854 474 915; x_wconf 89' lang='lat' dir='ltr'><strong>et</strong></span> <span class='ocrx_word' id='word_1_29' title='bbox 535 849 808 933; x_wconf 80' lang='lat' dir='ltr'><strong>gloriam</strong></span> <span class='ocrx_word' id='word_1_30' title='bbox 869 849 1176 934; x_wconf 80' lang='lat' dir='ltr'><strong>praefers,</strong></span> <span class='ocrx_word' id='word_1_31' title='bbox 1245 850 1421 917; x_wconf 90' lang='lat' dir='ltr'><strong>solus</strong></span> <span class='ocrx_word' id='word_1_32' title='bbox 1488 849 1901 917; x_wconf 86' lang='lat' dir='ltr'><strong>Germaniam</strong></span> <span class='ocrx_word' id='word_1_33' title='bbox 1966 848 2179 915; x_wconf 90' lang='lat' dir='ltr'><strong>literis</strong></span> <span class='ocrx_word' id='word_1_34' title='bbox 2242 847 2485 933; x_wconf 87' lang='lat' dir='ltr'><strong>ubique</strong></span> 
     </span>
     <span class='ocr_line' id='line_1_6' title="bbox 176 953 2486 1039; baseline 0 -20"><span class='ocrx_word' id='word_1_35' title='bbox 176 954 425 1035; x_wconf 86' lang='lat' dir='ltr'><strong>gentium</strong></span> <span class='ocrx_word' id='word_1_36' title='bbox 461 975 682 1021; x_wconf 86' lang='lat' dir='ltr'><strong>ornas.</strong></span> <span class='ocrx_word' id='word_1_37' title='bbox 772 953 1004 1039; x_wconf 87' lang='lat' dir='ltr'><strong>Itaque</strong></span> <span class='ocrx_word' id='word_1_38' title='bbox 1050 976 1286 1039; x_wconf 84' lang='lat' dir='ltr'><strong>magna</strong></span> <span class='ocrx_word' id='word_1_39' title='bbox 1331 955 1455 1022; x_wconf 89' lang='lat' dir='ltr'><strong>tibi</strong></span> <span class='ocrx_word' id='word_1_40' title='bbox 1512 955 1709 1023; x_wconf 90' lang='lat' dir='ltr'><strong>debet</strong></span> <span class='ocrx_word' id='word_1_41' title='bbox 1755 955 2145 1033; x_wconf 84' lang='lat' dir='ltr'><strong>Germania,</strong></span> <span class='ocrx_word' id='word_1_42' title='bbox 2190 954 2303 1039; x_wconf 88' lang='lat' dir='ltr'><strong>qui</strong></span> <span class='ocrx_word' id='word_1_43' title='bbox 2346 954 2486 1019; x_wconf 85' lang='lat' dir='ltr'><strong>uni·</strong></span> 
     </span>
     <span class='ocr_line' id='line_1_7' title="bbox 176 1056 2486 1143; baseline -0 -20"><span class='ocrx_word' id='word_1_44' title='bbox 176 1079 298 1123; x_wconf 87' lang='lat' dir='ltr'><strong>cum</strong></span> <span class='ocrx_word' id='word_1_45' title='bbox 339 1060 715 1143; x_wconf 76' lang='lat' dir='ltr'><strong>germanicae</strong></span> <span class='ocrx_word' id='word_1_46' title='bbox 762 1060 1024 1127; x_wconf 85' lang='lat' dir='ltr'><strong>virtutis</strong></span> <span class='ocrx_word' id='word_1_47' title='bbox 1071 1061 1160 1127; x_wconf 91' lang='lat' dir='ltr'><strong>sis</strong></span> <span class='ocrx_word' id='word_1_48' title='bbox 1189 1066 1696 1129; x_wconf 87' lang='lat' dir='ltr'><strong>monumentum.</strong></span> <span class='ocrx_word' id='word_1_49' title='bbox 1792 1059 2027 1126; x_wconf 89' lang='lat' dir='ltr'><strong>Merito</strong></span> <span class='ocrx_word' id='word_1_50' title='bbox 2082 1058 2281 1143; x_wconf 86' lang='lat' dir='ltr'><strong>igitur</strong></span> <span class='ocrx_word' id='word_1_51' title='bbox 2327 1056 2486 1123; x_wconf 88' lang='lat' dir='ltr'><strong>Ger-</strong></span> 
     </span>
     <span class='ocr_line' id='line_1_8' title="bbox 174 1162 2481 1254; baseline 0 -23"><span class='ocrx_word' id='word_1_52' title='bbox 174 1166 317 1231; x_wconf 84' lang='lat' dir='ltr'><strong>mani</strong></span> <span class='ocrx_word' id='word_1_53' title='bbox 358 1172 502 1231; x_wconf 89' lang='lat' dir='ltr'><strong>tuas</strong></span> <span class='ocrx_word' id='word_1_54' title='bbox 549 1164 895 1249; x_wconf 79' lang='lat' dir='ltr'><strong>deplorant</strong></span> <span class='ocrx_word' id='word_1_55' title='bbox 956 1166 1406 1233; x_wconf 80' lang='lat' dir='ltr'><strong>adversitates.</strong></span> <span class='ocrx_word' id='word_1_56' title='bbox 1500 1165 1907 1254; x_wconf 87' lang='lat' dir='ltr'><strong>Aequissimo</strong></span> <span class='ocrx_word' id='word_1_57' title='bbox 1956 1165 2107 1250; x_wconf 87' lang='lat' dir='ltr'><strong>jure</strong></span> <span class='ocrx_word' id='word_1_58' title='bbox 2168 1162 2481 1231; x_wconf 79' lang='lat' dir='ltr'><strong>adversus</strong></span> 
     </span>
     <span class='ocr_line' id='line_1_9' title="bbox 175 1268 2481 1357; baseline -0 -23"><span class='ocrx_word' id='word_1_59' title='bbox 175 1275 329 1335; x_wconf 85' lang='lat' dir='ltr'><strong>tuum</strong></span> <span class='ocrx_word' id='word_1_60' title='bbox 369 1272 838 1357; x_wconf 88' lang='lat' dir='ltr'><strong>nequissimum</strong></span> <span class='ocrx_word' id='word_1_61' title='bbox 883 1270 1166 1351; x_wconf 89' lang='lat' dir='ltr'><strong>hostem,</strong></span> <span class='ocrx_word' id='word_1_62' title='bbox 1233 1272 1330 1336; x_wconf 86' lang='lat' dir='ltr'><strong>tui</strong></span> <span class='ocrx_word' id='word_1_63' title='bbox 1378 1292 1578 1339; x_wconf 86' lang='lat' dir='ltr'><strong>eausa</strong></span> <span class='ocrx_word' id='word_1_64' title='bbox 1632 1271 1873 1337; x_wconf 89' lang='lat' dir='ltr'><strong>inirent</strong></span> <span class='ocrx_word' id='word_1_65' title='bbox 1916 1268 2481 1353; x_wconf 82' lang='lat' dir='ltr'><strong>sanguinolentum</strong></span> 
     </span>
     <span class='ocr_line' id='line_1_10' title="bbox 173 1373 2487 1461; baseline 0.003 -23"><span class='ocrx_word' id='word_1_66' title='bbox 173 1375 430 1457; x_wconf 84' lang='lat' dir='ltr'><strong>praelium</strong></span> <span class='ocrx_word' id='word_1_67' title='bbox 446 1423 462 1455; x_wconf 89' lang='lat'><strong>,</strong></span> <span class='ocrx_word' id='word_1_68' title='bbox 521 1375 700 1461; x_wconf 88' lang='lat' dir='ltr'><strong>quod</strong></span> <span class='ocrx_word' id='word_1_69' title='bbox 759 1377 816 1443; x_wconf 90' lang='lat' dir='ltr'><strong>is</strong></span> <span class='ocrx_word' id='word_1_70' title='bbox 875 1376 1133 1443; x_wconf 84' lang='lat' dir='ltr'><strong>infamis</strong></span> <span class='ocrx_word' id='word_1_71' title='bbox 1179 1375 1486 1444; x_wconf 81' lang='lat' dir='ltr'><strong>famicida</strong></span> <span class='ocrx_word' id='word_1_72' title='bbox 1504 1425 1520 1457; x_wconf 94' lang='lat'><strong>,</strong></span> <span class='ocrx_word' id='word_1_73' title='bbox 1576 1375 1745 1461; x_wconf 87' lang='lat' dir='ltr'><strong>juris</strong></span> <span class='ocrx_word' id='word_1_74' title='bbox 1791 1380 1861 1441; x_wconf 88' lang='lat' dir='ltr'><strong>et</strong></span> <span class='ocrx_word' id='word_1_75' title='bbox 1920 1373 2251 1459; x_wconf 82' lang='lat' dir='ltr'><strong>aequitatis</strong></span> <span class='ocrx_word' id='word_1_76' title='bbox 2294 1378 2487 1444; x_wconf 76' lang='lat' dir='ltr'><strong>atrox</strong></span> 
     </span>
     <span class='ocr_line' id='line_1_11' title="bbox 173 1479 2477 1563; baseline 0.001 -20"><span class='ocrx_word' id='word_1_77' title='bbox 173 1480 628 1563; x_wconf 67' lang='lat' dir='ltr'><strong>praevaricator,</strong></span> <span class='ocrx_word' id='word_1_78' title='bbox 695 1487 876 1548; x_wconf 89' lang='lat' dir='ltr'><strong>tuam</strong></span> <span class='ocrx_word' id='word_1_79' title='bbox 922 1480 1358 1548; x_wconf 84' lang='lat' dir='ltr'><strong>venerandam</strong></span> <span class='ocrx_word' id='word_1_80' title='bbox 1422 1485 1854 1561; x_wconf 89' lang='lat' dir='ltr'><strong>senectutem,</strong></span> <span class='ocrx_word' id='word_1_81' title='bbox 1930 1479 2171 1545; x_wconf 87' lang='lat' dir='ltr'><strong>famam</strong></span> <span class='ocrx_word' id='word_1_82' title='bbox 2244 1498 2477 1563; x_wconf 88' lang='lat' dir='ltr'><strong>puram</strong></span> 
     </span>
     <span class='ocr_line' id='line_1_12' title="bbox 173 1583 2483 1669; baseline 0.001 -20"><span class='ocrx_word' id='word_1_83' title='bbox 173 1584 701 1666; x_wconf 74' lang='lat' dir='ltr'><strong>praeclarissimam</strong></span> <span class='ocrx_word' id='word_1_84' title='bbox 758 1585 1120 1653; x_wconf 84' lang='lat' dir='ltr'><strong>doctrinam</strong></span> <span class='ocrx_word' id='word_1_85' title='bbox 1185 1586 1621 1653; x_wconf 82' lang='lat' dir='ltr'><strong>calumniatur</strong></span> <span class='ocrx_word' id='word_1_86' title='bbox 1641 1635 1659 1668; x_wconf 94' lang='lat'><strong>,</strong></span> <span class='ocrx_word' id='word_1_87' title='bbox 1725 1585 2007 1667; x_wconf 88' lang='lat' dir='ltr'><strong>lacerat,</strong></span> <span class='ocrx_word' id='word_1_88' title='bbox 2081 1590 2153 1651; x_wconf 84' lang='lat' dir='ltr'><strong>et</strong></span> <span class='ocrx_word' id='word_1_89' title='bbox 2202 1583 2483 1669; x_wconf 83' lang='lat' dir='ltr'><strong>pedibus</strong></span> 
     </span>
     <span class='ocr_line' id='line_1_13' title="bbox 174 1688 2485 1772; baseline 0 -19"><span class='ocrx_word' id='word_1_90' title='bbox 174 1690 414 1757; x_wconf 86' lang='lat' dir='ltr'><strong>subdere</strong></span> <span class='ocrx_word' id='word_1_91' title='bbox 447 1692 702 1758; x_wconf 87' lang='lat' dir='ltr'><strong>nititur.</strong></span> <span class='ocrx_word' id='word_1_92' title='bbox 766 1692 1028 1758; x_wconf 89' lang='lat' dir='ltr'><strong>Utinam</strong></span> <span class='ocrx_word' id='word_1_93' title='bbox 1058 1694 1190 1759; x_wconf 88' lang='lat' dir='ltr'><strong>ima</strong></span> <span class='ocrx_word' id='word_1_94' title='bbox 1222 1692 1416 1759; x_wconf 88' lang='lat' dir='ltr'><strong>tellus</strong></span> <span class='ocrx_word' id='word_1_95' title='bbox 1450 1692 1761 1772; x_wconf 86' lang='lat' dir='ltr'><strong>dehiscat,</strong></span> <span class='ocrx_word' id='word_1_96' title='bbox 1794 1697 1863 1757; x_wconf 93' lang='lat' dir='ltr'><strong>et</strong></span> <span class='ocrx_word' id='word_1_97' title='bbox 1892 1690 2164 1757; x_wconf 88' lang='lat' dir='ltr'><strong>tinctum</strong></span> <span class='ocrx_word' id='word_1_98' title='bbox 2186 1688 2485 1756; x_wconf 75' lang='lat' dir='ltr'><strong>Judaeum</strong></span> 
     </span>
     <span class='ocr_line' id='line_1_14' title="bbox 173 1794 2483 1881; baseline 0 -22"><span class='ocrx_word' id='word_1_99' title='bbox 173 1794 434 1878; x_wconf 82' lang='lat' dir='ltr'><strong>devoret,</strong></span> <span class='ocrx_word' id='word_1_100' title='bbox 511 1802 716 1881; x_wconf 88' lang='lat' dir='ltr'><strong>atque</strong></span> <span class='ocrx_word' id='word_1_101' title='bbox 795 1797 992 1863; x_wconf 89' lang='lat' dir='ltr'><strong>etiam</strong></span> <span class='ocrx_word' id='word_1_102' title='bbox 1065 1803 1278 1864; x_wconf 88' lang='lat' dir='ltr'><strong>atram</strong></span> <span class='ocrx_word' id='word_1_103' title='bbox 1357 1796 2057 1881; x_wconf 83' lang='lat' dir='ltr'><strong>pseudotheologorum</strong></span> <span class='ocrx_word' id='word_1_104' title='bbox 2134 1794 2341 1861; x_wconf 87' lang='lat' dir='ltr'><strong>aciem</strong></span> <span class='ocrx_word' id='word_1_105' title='bbox 2414 1799 2483 1861; x_wconf 90' lang='lat' dir='ltr'><strong>et</strong></span> 
     </span>
     <span class='ocr_line' id='line_1_15' title="bbox 175 1898 2483 1987; baseline 0 -23"><span class='ocrx_word' id='word_1_106' title='bbox 175 1921 572 1967; x_wconf 62' lang='lat' dir='ltr'><strong>aerumnosam</strong></span> <span class='ocrx_word' id='word_1_107' title='bbox 609 1902 1111 1969; x_wconf 84' lang='lat' dir='ltr'><strong>fraterculorum</strong></span> <span class='ocrx_word' id='word_1_108' title='bbox 1157 1903 1671 1982; x_wconf 84' lang='lat' dir='ltr'><strong>conventionem,</strong></span> <span class='ocrx_word' id='word_1_109' title='bbox 1718 1901 1893 1987; x_wconf 90' lang='lat' dir='ltr'><strong>quod</strong></span> <span class='ocrx_word' id='word_1_110' title='bbox 1924 1898 2153 1967; x_wconf 88' lang='lat' dir='ltr'><strong>inutile</strong></span> <span class='ocrx_word' id='word_1_111' title='bbox 2187 1900 2483 1983; x_wconf 88' lang='lat' dir='ltr'><strong>ignarum</strong></span> 
     </span>
     <span class='ocr_line' id='line_1_16' title="bbox 173 2005 2478 2093; baseline 0.001 -24"><span class='ocrx_word' id='word_1_112' title='bbox 173 2012 340 2091; x_wconf 87' lang='lat' dir='ltr'><strong>atque</strong></span> <span class='ocrx_word' id='word_1_113' title='bbox 385 2008 867 2074; x_wconf 89' lang='lat' dir='ltr'><strong>atrocissimum</strong></span> <span class='ocrx_word' id='word_1_114' title='bbox 913 2030 1112 2093; x_wconf 89' lang='lat' dir='ltr'><strong>genus</strong></span> <span class='ocrx_word' id='word_1_115' title='bbox 1159 2008 1509 2087; x_wconf 90' lang='lat' dir='ltr'><strong>hominum,</strong></span> <span class='ocrx_word' id='word_1_116' title='bbox 1555 2006 1889 2073; x_wconf 86' lang='lat' dir='ltr'><strong>crudelem</strong></span> <span class='ocrx_word' id='word_1_117' title='bbox 1938 2012 2123 2073; x_wconf 86' lang='lat' dir='ltr'><strong>tuum</strong></span> <span class='ocrx_word' id='word_1_118' title='bbox 2168 2005 2478 2071; x_wconf 86' lang='lat' dir='ltr'><strong>calumni-</strong></span> 
     </span>
     <span class='ocr_line' id='line_1_17' title="bbox 173 2110 2485 2197; baseline 0.001 -23"><span class='ocrx_word' id='word_1_119' title='bbox 173 2118 392 2177; x_wconf 86' lang='lat' dir='ltr'><strong>atorem</strong></span> <span class='ocrx_word' id='word_1_120' title='bbox 436 2113 649 2192; x_wconf 86' lang='lat' dir='ltr'><strong>fovet,</strong></span> <span class='ocrx_word' id='word_1_121' title='bbox 715 2112 1027 2179; x_wconf 88' lang='lat' dir='ltr'><strong>adversus</strong></span> <span class='ocrx_word' id='word_1_122' title='bbox 1081 2118 1148 2178; x_wconf 94' lang='lat' dir='ltr'><strong>te</strong></span> <span class='ocrx_word' id='word_1_123' title='bbox 1209 2113 1629 2197; x_wconf 89' lang='lat' dir='ltr'><strong>injustissime</strong></span> <span class='ocrx_word' id='word_1_124' title='bbox 1677 2111 1975 2179; x_wconf 90' lang='lat' dir='ltr'><strong>subsidia</strong></span> <span class='ocrx_word' id='word_1_125' title='bbox 2034 2111 2095 2177; x_wconf 89' lang='lat' dir='ltr'><strong>ei</strong></span> <span class='ocrx_word' id='word_1_126' title='bbox 2138 2110 2485 2190; x_wconf 85' lang='lat' dir='ltr'><strong>ministrat,</strong></span> 
     </span>
     <span class='ocr_line' id='line_1_18' title="bbox 171 2215 2484 2303; baseline 0 -23"><span class='ocrx_word' id='word_1_127' title='bbox 171 2222 232 2281; x_wconf 92' lang='lat' dir='ltr'><strong>ut</strong></span> <span class='ocrx_word' id='word_1_128' title='bbox 269 2217 346 2283; x_wconf 91' lang='lat' dir='ltr'><strong>ob</strong></span> <span class='ocrx_word' id='word_1_129' title='bbox 391 2218 705 2284; x_wconf 86' lang='lat' dir='ltr'><strong>virtutem</strong></span> <span class='ocrx_word' id='word_1_130' title='bbox 738 2218 1149 2303; x_wconf 85' lang='lat' dir='ltr'><strong>oppugneris,</strong></span> <span class='ocrx_word' id='word_1_131' title='bbox 1199 2217 1373 2302; x_wconf 92' lang='lat' dir='ltr'><strong>quod</strong></span> <span class='ocrx_word' id='word_1_132' title='bbox 1403 2218 1661 2301; x_wconf 91' lang='lat' dir='ltr'><strong>penitus</strong></span> <span class='ocrx_word' id='word_1_133' title='bbox 1709 2237 1926 2284; x_wconf 90' lang='lat' dir='ltr'><strong>meum</strong></span> <span class='ocrx_word' id='word_1_134' title='bbox 1978 2238 2091 2283; x_wconf 91' lang='lat' dir='ltr'><strong>cor</strong></span> <span class='ocrx_word' id='word_1_135' title='bbox 2134 2215 2484 2282; x_wconf 85' lang='lat' dir='ltr'><strong>exulcerat.</strong></span> 
     </span>
     <span class='ocr_line' id='line_1_19' title="bbox 175 2320 2479 2408; baseline 0.001 -23"><span class='ocrx_word' id='word_1_136' title='bbox 175 2320 278 2386; x_wconf 89' lang='lat' dir='ltr'><strong>Sed</strong></span> <span class='ocrx_word' id='word_1_137' title='bbox 320 2322 514 2389; x_wconf 90' lang='lat' dir='ltr'><strong>latius</strong></span> <span class='ocrx_word' id='word_1_138' title='bbox 567 2343 766 2408; x_wconf 87' lang='lat' dir='ltr'><strong>quam</strong></span> <span class='ocrx_word' id='word_1_139' title='bbox 811 2323 1103 2407; x_wconf 84' lang='lat' dir='ltr'><strong>epistolae</strong></span> <span class='ocrx_word' id='word_1_140' title='bbox 1158 2323 1388 2389; x_wconf 89' lang='lat' dir='ltr'><strong>modus</strong></span> <span class='ocrx_word' id='word_1_141' title='bbox 1432 2324 1645 2407; x_wconf 91' lang='lat' dir='ltr'><strong>poscit</strong></span> <span class='ocrx_word' id='word_1_142' title='bbox 1692 2328 2001 2407; x_wconf 85' lang='lat' dir='ltr'><strong>evagatus</strong></span> <span class='ocrx_word' id='word_1_143' title='bbox 2055 2344 2215 2387; x_wconf 91' lang='lat' dir='ltr'><strong>sum.</strong></span> <span class='ocrx_word' id='word_1_144' title='bbox 2267 2322 2364 2387; x_wconf 89' lang='lat' dir='ltr'><strong>Tu</strong></span> <span class='ocrx_word' id='word_1_145' title='bbox 2394 2320 2479 2387; x_wconf 89' lang='lat' dir='ltr'><strong>ob</strong></span> 
     </span>
     <span class='ocr_line' id='line_1_20' title="bbox 172 2426 2484 2514; baseline 0 -24"><span class='ocrx_word' id='word_1_146' title='bbox 172 2428 540 2512; x_wconf 82' lang='lat' dir='ltr'><strong>singularem</strong></span> <span class='ocrx_word' id='word_1_147' title='bbox 590 2450 718 2514; x_wconf 90' lang='lat' dir='ltr'><strong>quo</strong></span> <span class='ocrx_word' id='word_1_148' title='bbox 781 2435 848 2494; x_wconf 86' lang='lat' dir='ltr'><strong>te</strong></span> <span class='ocrx_word' id='word_1_149' title='bbox 903 2449 1266 2513; x_wconf 89' lang='lat' dir='ltr'><strong>prosequor</strong></span> <span class='ocrx_word' id='word_1_150' title='bbox 1311 2449 1634 2509; x_wconf 89' lang='lat' dir='ltr'><strong>amorem,</strong></span> <span class='ocrx_word' id='word_1_151' title='bbox 1696 2434 1987 2495; x_wconf 85' lang='lat' dir='ltr'><strong>nostram</strong></span> <span class='ocrx_word' id='word_1_152' title='bbox 2033 2426 2484 2512; x_wconf 78' lang='lat' dir='ltr'><strong>garrulitatem</strong></span> 
     </span>
     <span class='ocr_line' id='line_1_21' title="bbox 169 2530 2485 2617; baseline 0.001 -23"><span class='ocrx_word' id='word_1_153' title='bbox 169 2550 326 2617; x_wconf 85' lang='lat' dir='ltr'><strong>aequo</strong></span> <span class='ocrx_word' id='word_1_154' title='bbox 372 2534 549 2601; x_wconf 88' lang='lat' dir='ltr'><strong>feras</strong></span> <span class='ocrx_word' id='word_1_155' title='bbox 599 2536 842 2614; x_wconf 87' lang='lat' dir='ltr'><strong>auim0,</strong></span> <span class='ocrx_word' id='word_1_156' title='bbox 905 2540 972 2601; x_wconf 89' lang='lat' dir='ltr'><strong>et</strong></span> <span class='ocrx_word' id='word_1_157' title='bbox 1015 2534 1214 2599; x_wconf 88' lang='lat' dir='ltr'><strong>animi</strong></span> <span class='ocrx_word' id='word_1_158' title='bbox 1275 2532 1619 2600; x_wconf 86' lang='lat' dir='ltr'><strong>affectibus</strong></span> <span class='ocrx_word' id='word_1_159' title='bbox 1668 2538 1979 2616; x_wconf 86' lang='lat' dir='ltr'><strong>tempera.</strong></span> <span class='ocrx_word' id='word_1_160' title='bbox 2074 2533 2255 2598; x_wconf 73' lang='lat' dir='ltr'><strong>Deus·</strong></span> <span class='ocrx_word' id='word_1_161' title='bbox 2305 2530 2485 2597; x_wconf 89' lang='lat' dir='ltr'><strong>solus</strong></span> 
     </span>
     <span class='ocr_line' id='line_1_22' title="bbox 162 2635 2487 2727; baseline 0.002 -28"><span class='ocrx_word' id='word_1_162' title='bbox 162 2637 336 2718; x_wconf 86' lang='lat' dir='ltr'><strong>judex</strong></span> <span class='ocrx_word' id='word_1_163' title='bbox 383 2660 620 2727; x_wconf 86' lang='lat' dir='ltr'><strong>aequus</strong></span> <span class='ocrx_word' id='word_1_164' title='bbox 666 2660 742 2705; x_wconf 92' lang='lat' dir='ltr'><strong>eo</strong></span> <span class='ocrx_word' id='word_1_165' title='bbox 790 2644 1037 2719; x_wconf 88' lang='lat' dir='ltr'><strong>vertet,</strong></span> <span class='ocrx_word' id='word_1_166' title='bbox 1101 2645 1178 2703; x_wconf 88' lang='lat' dir='ltr'><strong>ut</strong></span> <span class='ocrx_word' id='word_1_167' title='bbox 1221 2639 1497 2724; x_wconf 89' lang='lat' dir='ltr'><strong>injustos</strong></span> <span class='ocrx_word' id='word_1_168' title='bbox 1554 2645 1685 2704; x_wconf 86' lang='lat' dir='ltr'><strong>tuae</strong></span> <span class='ocrx_word' id='word_1_169' title='bbox 1745 2637 1979 2704; x_wconf 91' lang='lat' dir='ltr'><strong>nobilis</strong></span> <span class='ocrx_word' id='word_1_170' title='bbox 2024 2636 2209 2703; x_wconf 80' lang='lat' dir='ltr'><strong>famae</strong></span> <span class='ocrx_word' id='word_1_171' title='bbox 2266 2635 2487 2703; x_wconf 82' lang='lat' dir='ltr'><strong>hostes</strong></span> 
     </span>
     <span class='ocr_line' id='line_1_23' title="bbox 172 2741 1845 2831; baseline 0.001 -25"><span class='ocrx_word' id='word_1_172' title='bbox 172 2741 446 2811; x_wconf 88' lang='lat' dir='ltr'><strong>devincas</strong></span> <span class='ocrx_word' id='word_1_173' title='bbox 497 2744 676 2831; x_wconf 84' lang='lat' dir='ltr'><strong>quod</strong></span> <span class='ocrx_word' id='word_1_174' title='bbox 726 2745 923 2810; x_wconf 88' lang='lat' dir='ltr'><strong>etiam</strong></span> <span class='ocrx_word' id='word_1_175' title='bbox 969 2749 1168 2829; x_wconf 88' lang='lat' dir='ltr'><strong>atque</strong></span> <span class='ocrx_word' id='word_1_176' title='bbox 1201 2744 1396 2809; x_wconf 89' lang='lat' dir='ltr'><strong>etiam</strong></span> <span class='ocrx_word' id='word_1_177' title='bbox 1428 2744 1550 2811; x_wconf 85' lang='lat' dir='ltr'><strong>tibi</strong></span> <span class='ocrx_word' id='word_1_178' title='bbox 1597 2764 1845 2828; x_wconf 89' lang='lat' dir='ltr'><strong>precor.</strong></span> 
     </span>
    </p>

    <p class='ocr_par' dir='ltr' id='par_1_3' title="bbox 163 2845 2524 3885">
     <span class='ocr_line' id='line_1_24' title="bbox 317 2845 2482 2932; baseline -0.001 -17"><span class='ocrx_word' id='word_1_179' title='bbox 317 2852 460 2916; x_wconf 90' lang='lat' dir='ltr'><strong>Hoc</strong></span> <span class='ocrx_word' id='word_1_180' title='bbox 511 2872 712 2917; x_wconf 86' lang='lat' dir='ltr'><strong>unum</strong></span> <span class='ocrx_word' id='word_1_181' title='bbox 758 2857 826 2915; x_wconf 90' lang='lat' dir='ltr'><strong>te</strong></span> <span class='ocrx_word' id='word_1_182' title='bbox 871 2850 1122 2915; x_wconf 87' lang='lat' dir='ltr'><strong>nescire</strong></span> <span class='ocrx_word' id='word_1_183' title='bbox 1178 2850 1346 2915; x_wconf 78' lang='lat' dir='ltr'><strong>nolo,</strong></span> <span class='ocrx_word' id='word_1_184' title='bbox 1437 2850 1561 2914; x_wconf 86' lang='lat' dir='ltr'><strong>Tui</strong></span> <span class='ocrx_word' id='word_1_185' title='bbox 1620 2847 1885 2915; x_wconf 89' lang='lat' dir='ltr'><strong>honoris</strong></span> <span class='ocrx_word' id='word_1_186' title='bbox 1940 2845 2163 2932; x_wconf 90' lang='lat' dir='ltr'><strong>lupum</strong></span> <span class='ocrx_word' id='word_1_187' title='bbox 2202 2846 2223 2885; x_wconf 84' lang='lat'>²</span> <span class='ocrx_word' id='word_1_188' title='bbox 2280 2865 2482 2912; x_wconf 85' lang='lat' dir='ltr'><strong>novas</strong></span> 
     </span>
     <span class='ocr_line' id='line_1_25' title="bbox 167 2952 2482 3041; baseline 0.001 -24"><span class='ocrx_word' id='word_1_189' title='bbox 167 2955 463 3036; x_wconf 86' lang='lat' dir='ltr'><strong>quasdam</strong></span> <span class='ocrx_word' id='word_1_190' title='bbox 532 2956 813 3040; x_wconf 88' lang='lat' dir='ltr'><strong>ineptias</strong></span> <span class='ocrx_word' id='word_1_191' title='bbox 877 2956 1116 3041; x_wconf 87' lang='lat' dir='ltr'><strong>quibus</strong></span> <span class='ocrx_word' id='word_1_192' title='bbox 1180 2961 1362 3021; x_wconf 90' lang='lat' dir='ltr'><strong>tuam</strong></span> <span class='ocrx_word' id='word_1_193' title='bbox 1430 2954 1670 3019; x_wconf 87' lang='lat' dir='ltr'><strong>famam</strong></span> <span class='ocrx_word' id='word_1_194' title='bbox 1730 2953 2001 3019; x_wconf 89' lang='lat' dir='ltr'><strong>demetit</strong></span> <span class='ocrx_word' id='word_1_195' title='bbox 2063 2952 2482 3036; x_wconf 84' lang='lat' dir='ltr'><strong>congessisse,</strong></span> 
     </span>
     <span class='ocr_line' id='line_1_26' title="bbox 165 3058 2489 3145; baseline 0.002 -24"><span class='ocrx_word' id='word_1_196' title='bbox 165 3079 306 3141; x_wconf 89' lang='lat' dir='ltr'><strong>quas</strong></span> <span class='ocrx_word' id='word_1_197' title='bbox 350 3060 819 3145; x_wconf 85' lang='lat' dir='ltr'><strong>Archipraesuli</strong></span> <span class='ocrx_word' id='word_1_198' title='bbox 864 3060 1358 3145; x_wconf 89' lang='lat' dir='ltr'><strong>Moguntinensi,</strong></span> <span class='ocrx_word' id='word_1_199' title='bbox 1420 3059 2017 3144; x_wconf 90' lang='lat' dir='ltr'><strong>Mademburgensi,</strong></span> <span class='ocrx_word' id='word_1_200' title='bbox 2076 3058 2489 3125; x_wconf 87' lang='lat' dir='ltr'><strong>Halberstat-</strong></span> 
     </span>
     <span class='ocr_line' id='line_1_27' title="bbox 164 3164 2485 3252; baseline 0.002 -26"><span class='ocrx_word' id='word_1_201' title='bbox 164 3166 308 3231; x_wconf 88' lang='lat' dir='ltr'><strong>tensi</strong></span> <span class='ocrx_word' id='word_1_202' title='bbox 363 3175 488 3233; x_wconf 89' lang='lat' dir='ltr'><strong>etc.</strong></span> <span class='ocrx_word' id='word_1_203' title='bbox 525 3166 550 3205; x_wconf 79' lang='lat'>²</span> <span class='ocrx_word' id='word_1_204' title='bbox 633 3186 814 3251; x_wconf 82' lang='lat' dir='ltr'><strong>aeque</strong></span> <span class='ocrx_word' id='word_1_205' title='bbox 877 3166 1126 3250; x_wconf 90' lang='lat' dir='ltr'><strong>potenti</strong></span> <span class='ocrx_word' id='word_1_206' title='bbox 1190 3174 1390 3252; x_wconf 89' lang='lat' dir='ltr'><strong>atque</strong></span> <span class='ocrx_word' id='word_1_207' title='bbox 1444 3166 1626 3250; x_wconf 85' lang='lat' dir='ltr'><strong>justo</strong></span> <span class='ocrx_word' id='word_1_208' title='bbox 1690 3164 2164 3251; x_wconf 88' lang='lat' dir='ltr'><strong>archeprincipi</strong></span> <span class='ocrx_word' id='word_1_209' title='bbox 2226 3164 2485 3231; x_wconf 88' lang='lat' dir='ltr'><strong>domino</strong></span> 
     </span>
     <span class='ocr_line' id='line_1_28' title="bbox 165 3267 2524 3356; baseline -0 -23"><span class='ocrx_word' id='word_1_210' title='bbox 165 3288 287 3336; x_wconf 89' lang='lat' dir='ltr'><strong>meo</strong></span> <span class='ocrx_word' id='word_1_211' title='bbox 354 3272 860 3343; x_wconf 86' lang='lat' dir='ltr'><strong>clementissimo</strong></span> <span class='ocrx_word' id='word_1_212' title='bbox 921 3272 1181 3337; x_wconf 86' lang='lat' dir='ltr'><strong>dicavit.</strong></span> <span class='ocrx_word' id='word_1_213' title='bbox 1277 3272 1558 3356; x_wconf 77' lang='lat' dir='ltr'><strong>Spei-ans</strong></span> <span class='ocrx_word' id='word_1_214' title='bbox 1609 3292 1685 3337; x_wconf 90' lang='lat' dir='ltr'><strong>eo</strong></span> <span class='ocrx_word' id='word_1_215' title='bbox 1758 3277 1825 3338; x_wconf 90' lang='lat' dir='ltr'><strong>et</strong></span> <span class='ocrx_word' id='word_1_216' title='bbox 1888 3271 2109 3337; x_wconf 91' lang='lat' dir='ltr'><strong>odium</strong></span> <span class='ocrx_word' id='word_1_217' title='bbox 2174 3267 2524 3355; x_wconf 84' lang='lat' dir='ltr'><strong>principis.</strong></span> 
     </span>
     <span class='ocr_line' id='line_1_29' title="bbox 164 3374 2488 3461; baseline 0.002 -24"><span class='ocrx_word' id='word_1_218' title='bbox 164 3374 268 3441; x_wconf 88' lang='lat' dir='ltr'><strong>tibi</strong></span> <span class='ocrx_word' id='word_1_219' title='bbox 311 3380 777 3457; x_wconf 84' lang='lat' dir='ltr'><strong>excitaturum,</strong></span> <span class='ocrx_word' id='word_1_220' title='bbox 849 3383 916 3443; x_wconf 89' lang='lat' dir='ltr'><strong>et</strong></span> <span class='ocrx_word' id='word_1_221' title='bbox 979 3377 1343 3443; x_wconf 88' lang='lat' dir='ltr'><strong>subsidium</strong></span> <span class='ocrx_word' id='word_1_222' title='bbox 1388 3378 1472 3443; x_wconf 88' lang='lat' dir='ltr'><strong>ab</strong></span> <span class='ocrx_word' id='word_1_223' title='bbox 1520 3377 1761 3443; x_wconf 90' lang='lat' dir='ltr'><strong>illustri</strong></span> <span class='ocrx_word' id='word_1_224' title='bbox 1822 3398 1941 3443; x_wconf 89' lang='lat' dir='ltr'><strong>sua</strong></span> <span class='ocrx_word' id='word_1_225' title='bbox 1996 3377 2209 3461; x_wconf 83' lang='lat' dir='ltr'><strong>gratia</strong></span> <span class='ocrx_word' id='word_1_226' title='bbox 2256 3398 2327 3442; x_wconf 90' lang='lat' dir='ltr'><strong>se</strong></span> <span class='ocrx_word' id='word_1_227' title='bbox 2370 3374 2488 3442; x_wconf 88' lang='lat' dir='ltr'><strong>ad-</strong></span> 
     </span>
     <span class='ocr_line' id='line_1_30' title="bbox 164 3479 2487 3567; baseline 0.003 -25"><span class='ocrx_word' id='word_1_228' title='bbox 164 3499 364 3549; x_wconf 85' lang='lat' dir='ltr'><strong>versus</strong></span> <span class='ocrx_word' id='word_1_229' title='bbox 432 3489 502 3550; x_wconf 91' lang='lat' dir='ltr'><strong>te</strong></span> <span class='ocrx_word' id='word_1_230' title='bbox 566 3484 1083 3567; x_wconf 89' lang='lat' dir='ltr'><strong>impetraturum.</strong></span> <span class='ocrx_word' id='word_1_231' title='bbox 1195 3482 1476 3548; x_wconf 90' lang='lat' dir='ltr'><strong>Aderam</strong></span> <span class='ocrx_word' id='word_1_232' title='bbox 1554 3482 1826 3548; x_wconf 85' lang='lat' dir='ltr'><strong>fortuito</strong></span> <span class='ocrx_word' id='word_1_233' title='bbox 1892 3503 2039 3548; x_wconf 91' lang='lat' dir='ltr'><strong>cum</strong></span> <span class='ocrx_word' id='word_1_234' title='bbox 2100 3482 2211 3547; x_wconf 91' lang='lat' dir='ltr'><strong>ille</strong></span> <span class='ocrx_word' id='word_1_235' title='bbox 2276 3479 2487 3549; x_wconf 83' lang='lat' dir='ltr'><strong>futilis</strong></span> 
     </span>
     <span class='ocr_line' id='line_1_31' title="bbox 163 3583 2482 3673; baseline 0.001 -24"><span class='ocrx_word' id='word_1_236' title='bbox 163 3583 400 3654; x_wconf 87' lang='lat' dir='ltr'><strong>libellus</strong></span> <span class='ocrx_word' id='word_1_237' title='bbox 448 3588 888 3654; x_wconf 87' lang='lat' dir='ltr'><strong>detractorius</strong></span> <span class='ocrx_word' id='word_1_238' title='bbox 933 3586 1280 3653; x_wconf 88' lang='lat' dir='ltr'><strong>afferretur</strong></span> <span class='ocrx_word' id='word_1_239' title='bbox 1323 3589 1630 3673; x_wconf 89' lang='lat' dir='ltr'><strong>principi,</strong></span> <span class='ocrx_word' id='word_1_240' title='bbox 1678 3593 1744 3653; x_wconf 92' lang='lat' dir='ltr'><strong>et</strong></span> <span class='ocrx_word' id='word_1_241' title='bbox 1788 3608 1919 3654; x_wconf 84' lang='lat' dir='ltr'><strong>una</strong></span> <span class='ocrx_word' id='word_1_242' title='bbox 1964 3584 2112 3654; x_wconf 77' lang='lat' dir='ltr'><strong>cu‘m</strong></span> <span class='ocrx_word' id='word_1_243' title='bbox 2156 3585 2482 3651; x_wconf 88' lang='lat' dir='ltr'><strong>nonnullis</strong></span> 
     </span>
     <span class='ocr_line' id='line_1_32' title="bbox 165 3690 2484 3777; baseline 0 -24"><span class='ocrx_word' id='word_1_244' title='bbox 165 3692 551 3759; x_wconf 85' lang='lat' dir='ltr'><strong>eruditorum</strong></span> <span class='ocrx_word' id='word_1_245' title='bbox 597 3692 1046 3759; x_wconf 84' lang='lat' dir='ltr'><strong>defensoribus</strong></span> <span class='ocrx_word' id='word_1_246' title='bbox 1093 3694 1483 3760; x_wconf 87' lang='lat' dir='ltr'><strong>sententiam</strong></span> <span class='ocrx_word' id='word_1_247' title='bbox 1529 3693 1921 3777; x_wconf 88' lang='lat' dir='ltr'><strong>interposui,</strong></span> <span class='ocrx_word' id='word_1_248' title='bbox 1969 3692 2135 3758; x_wconf 89' lang='lat' dir='ltr'><strong>adeo</strong></span> <span class='ocrx_word' id='word_1_249' title='bbox 2181 3695 2257 3755; x_wconf 88' lang='lat' dir='ltr'><strong>ut</strong></span> <span class='ocrx_word' id='word_1_250' title='bbox 2303 3690 2484 3755; x_wconf 88' lang='lat' dir='ltr'><strong>Prin·</strong></span> 
     </span>
     <span class='ocr_line' id='line_1_33' title="bbox 165 3795 2483 3885; baseline 0.002 -27"><span class='ocrx_word' id='word_1_251' title='bbox 165 3816 297 3880; x_wconf 90' lang='lat' dir='ltr'><strong>ceps</strong></span> <span class='ocrx_word' id='word_1_252' title='bbox 342 3820 464 3866; x_wconf 88' lang='lat' dir='ltr'><strong>nee</strong></span> <span class='ocrx_word' id='word_1_253' title='bbox 511 3798 768 3877; x_wconf 87' lang='lat' dir='ltr'><strong>librum,</strong></span> <span class='ocrx_word' id='word_1_254' title='bbox 816 3800 873 3865; x_wconf 91' lang='lat' dir='ltr'><strong>si</strong></span> <span class='ocrx_word' id='word_1_255' title='bbox 917 3820 1048 3885; x_wconf 89' lang='lat' dir='ltr'><strong>qua</strong></span> <span class='ocrx_word' id='word_1_256' title='bbox 1094 3799 1336 3885; x_wconf 89' lang='lat' dir='ltr'><strong>alioqui</strong></span> <span class='ocrx_word' id='word_1_257' title='bbox 1383 3798 1707 3865; x_wconf 89' lang='lat' dir='ltr'><strong>decuisset</strong></span> <span class='ocrx_word' id='word_1_258' title='bbox 1752 3798 1993 3883; x_wconf 86' lang='lat' dir='ltr'><strong>gratia,</strong></span> <span class='ocrx_word' id='word_1_259' title='bbox 2041 3795 2369 3882; x_wconf 88' lang='lat' dir='ltr'><strong>acceperit</strong></span> <span class='ocrx_word' id='word_1_260' title='bbox 2414 3800 2483 3862; x_wconf 91' lang='lat' dir='ltr'><strong>et</strong></span> 
     </span>
    </p>
   </div>
   <div class='ocr_carea' id='block_1_3' title="bbox 165 3898 1853 4058">
    <p class='ocr_par' dir='ltr' id='par_1_4' title="bbox 165 3898 1853 4058">
     <span class='ocr_line' id='line_1_34' title="bbox 165 3898 1853 3991; baseline 0.005 -28"><span class='ocrx_word' id='word_1_261' title='bbox 165 3898 422 3972; x_wconf 85' lang='lat' dir='ltr'><strong>latorem</strong></span> <span class='ocrx_word' id='word_1_262' title='bbox 467 3904 835 3971; x_wconf 86' lang='lat' dir='ltr'><strong>inauditum</strong></span> <span class='ocrx_word' id='word_1_263' title='bbox 879 3904 1436 3991; x_wconf 88' lang='lat' dir='ltr'><strong>insalutatumque</strong></span> <span class='ocrx_word' id='word_1_264' title='bbox 1483 3903 1778 3989; x_wconf 84' lang='lat' dir='ltr'><strong>abegerit</strong></span> <span class='ocrx_word' id='word_1_265' title='bbox 1808 3903 1853 3971; x_wconf 79' lang='lat'><strong>³.</strong></span> 
     </span>
     <span class='ocr_line' id='line_1_35' title="bbox 1305 4017 1342 4058; baseline 0 -1"><span class='ocrx_word' id='word_1_266' title='bbox 1305 4017 1342 4058; x_wconf 74' lang='grc'><em>*</em></span> 
     </span>
    </p>
   </div>
   <div class='ocr_carea' id='block_1_4' title="bbox 167 4104 2493 4528">
    <p class='ocr_par' dir='ltr' id='par_1_5' title="bbox 167 4104 2493 4528">
     <span class='ocr_line' id='line_1_36' title="bbox 297 4104 2483 4177; baseline -0.001 -17"><span class='ocrx_word' id='word_1_267' title='bbox 297 4112 320 4160; x_wconf 82' lang='lat'>1</span> <span class='ocrx_word' id='word_1_268' title='bbox 363 4106 564 4177; x_wconf 83' lang='lat' dir='ltr'><strong>Lupus]</strong></span> <span class='ocrx_word' id='word_1_269' title='bbox 604 4106 929 4161; x_wconf 81' lang='lat' dir='ltr'><strong>Pfefferkorn</strong></span> <span class='ocrx_word' id='word_1_270' title='bbox 975 4106 1220 4176; x_wconf 80' lang='lat' dir='ltr'><strong>ineptias]</strong></span> <span class='ocrx_word' id='word_1_271' title='bbox 1261 4107 1500 4159; x_wconf 85' lang='lat' dir='ltr'><strong>defensio</strong></span> <span class='ocrx_word' id='word_1_272' title='bbox 1554 4114 1737 4159; x_wconf 82' lang='lat' dir='ltr'><strong>contra</strong></span> <span class='ocrx_word' id='word_1_273' title='bbox 1782 4106 2042 4172; x_wconf 76' lang='lat' dir='ltr'><strong>famosas,</strong></span> <span class='ocrx_word' id='word_1_274' title='bbox 2077 4105 2185 4175; x_wconf 78' lang='lat' dir='ltr'><strong>vgl.</strong></span> <span class='ocrx_word' id='word_1_275' title='bbox 2222 4104 2483 4157; x_wconf 84' lang='lat' dir='ltr'><strong>Reuchlin</strong></span> 
     </span>
     <span class='ocr_line' id='line_1_37' title="bbox 167 4195 2492 4261; baseline 0.001 -18"><span class='ocrx_word' id='word_1_276' title='bbox 167 4207 203 4245; x_wconf 83' lang='lat' dir='ltr'><strong>s.</strong></span> <span class='ocrx_word' id='word_1_277' title='bbox 237 4198 336 4247; x_wconf 81' lang='grc'><strong>378</strong></span> <span class='ocrx_word' id='word_1_278' title='bbox 373 4198 430 4251; x_wconf 82' lang='lat' dir='ltr'><strong>ff.</strong></span> <span class='ocrx_word' id='word_1_279' title='bbox 577 4202 606 4249; x_wconf 83' lang='lat'><em>2</em></span> <span class='ocrx_word' id='word_1_280' title='bbox 649 4198 900 4251; x_wconf 84' lang='lat' dir='ltr'><strong>Albrecht</strong></span> <span class='ocrx_word' id='word_1_281' title='bbox 940 4212 1041 4248; x_wconf 83' lang='lat' dir='ltr'><strong>von</strong></span> <span class='ocrx_word' id='word_1_282' title='bbox 1081 4196 1272 4250; x_wconf 82' lang='lat' dir='ltr'><strong>Mainz.</strong></span> <span class='ocrx_word' id='word_1_283' title='bbox 1419 4200 1448 4247; x_wconf 81' lang='lat'><strong>3</strong></span> <span class='ocrx_word' id='word_1_284' title='bbox 1489 4197 1693 4248; x_wconf 83' lang='lat' dir='ltr'><strong>Hutten</strong></span> <span class='ocrx_word' id='word_1_285' title='bbox 1732 4212 1799 4247; x_wconf 79' lang='lat' dir='ltr'><strong>an</strong></span> <span class='ocrx_word' id='word_1_286' title='bbox 1839 4195 2053 4249; x_wconf 81' lang='lat' dir='ltr'><strong>Nuenar</strong></span> <span class='ocrx_word' id='word_1_287' title='bbox 2091 4199 2121 4246; x_wconf 85' lang='lat'><strong>3</strong></span> <span class='ocrx_word' id='word_1_288' title='bbox 2164 4196 2289 4261; x_wconf 77' lang='lat' dir='ltr'><strong>Apr.</strong></span> <span class='ocrx_word' id='word_1_289' title='bbox 2335 4196 2492 4257; x_wconf 81' lang='lat'><strong>1518,</strong></span> 
     </span>
     <span class='ocr_line' id='line_1_38' title="bbox 168 4280 2491 4351; baseline 0.003 -22"><span class='ocrx_word' id='word_1_290' title='bbox 168 4280 239 4331; x_wconf 83' lang='lat' dir='ltr'><strong>ed.</strong></span> <span class='ocrx_word' id='word_1_291' title='bbox 275 4284 517 4351; x_wconf 70' lang='lat' dir='ltr'><strong>Bocking</strong></span> <span class='ocrx_word' id='word_1_292' title='bbox 551 4284 602 4349; x_wconf 89' lang='lat'><strong>1,</strong></span> <span class='ocrx_word' id='word_1_293' title='bbox 651 4303 692 4335; x_wconf 86' lang='lat' dir='ltr'><strong>s.</strong></span> <span class='ocrx_word' id='word_1_294' title='bbox 753 4288 848 4337; x_wconf 87' lang='grc'><strong>168</strong></span> <span class='ocrx_word' id='word_1_295' title='bbox 901 4286 1103 4336; x_wconf 63' lang='grc' dir='ltr'><strong>ετκᾶῑιὶι</strong></span> <span class='ocrx_word' id='word_1_296' title='bbox 1141 4284 1226 4335; x_wconf 86' lang='lat' dir='ltr'><strong>die</strong></span> <span class='ocrx_word' id='word_1_297' title='bbox 1263 4284 1422 4336; x_wconf 86' lang='lat' dir='ltr'><strong>sache</strong></span> <span class='ocrx_word' id='word_1_298' title='bbox 1462 4292 1625 4336; x_wconf 81' lang='lat' dir='ltr'><strong>etwas</strong></span> <span class='ocrx_word' id='word_1_299' title='bbox 1672 4285 1878 4337; x_wconf 75' lang='lat' dir='ltr'><strong>andere.</strong></span> <span class='ocrx_word' id='word_1_300' title='bbox 1954 4284 2173 4337; x_wconf 77' lang='lat' dir='ltr'><strong>Danacb</strong></span> <span class='ocrx_word' id='word_1_301' title='bbox 2213 4284 2362 4335; x_wconf 60' lang='lat' dir='ltr'><strong>hatte</strong></span> <span class='ocrx_word' id='word_1_302' title='bbox 2398 4283 2491 4335; x_wconf 80' lang='lat' dir='ltr'><strong>der</strong></span> 
     </span>
     <span class='ocr_line' id='line_1_39' title="bbox 169 4370 2492 4439; baseline 0.003 -24"><span class='ocrx_word' id='word_1_303' title='bbox 169 4370 569 4425; x_wconf 54' lang='lat' dir='ltr'><strong>erzbischof‘die</strong></span> <span class='ocrx_word' id='word_1_304' title='bbox 605 4374 714 4423; x_wconf 86' lang='lat' dir='ltr'><strong>ihm</strong></span> <span class='ocrx_word' id='word_1_305' title='bbox 751 4388 852 4425; x_wconf 82' lang='lat' dir='ltr'><strong>von</strong></span> <span class='ocrx_word' id='word_1_306' title='bbox 881 4375 1112 4425; x_wconf 78' lang='lat' dir='ltr'><strong>Stromer</strong></span> <span class='ocrx_word' id='word_1_307' title='bbox 1147 4373 1476 4425; x_wconf 83' lang='lat' dir='ltr'><strong>iiberreichte</strong></span> <span class='ocrx_word' id='word_1_308' title='bbox 1512 4373 1685 4424; x_wconf 74' lang='lat' dir='ltr'><strong>sebi-if</strong></span> <span class='ocrx_word' id='word_1_309' title='bbox 1740 4388 1878 4423; x_wconf 78' lang='lat' dir='ltr'><strong>zwar</strong></span> <span class='ocrx_word' id='word_1_310' title='bbox 1913 4372 2151 4439; x_wconf 78' lang='lat' dir='ltr'><strong>gelesen,</strong></span> <span class='ocrx_word' id='word_1_311' title='bbox 2187 4373 2315 4424; x_wconf 84' lang='lat' dir='ltr'><strong>aber</strong></span> <span class='ocrx_word' id='word_1_312' title='bbox 2350 4371 2492 4423; x_wconf 77' lang='lat' dir='ltr'><strong>nach</strong></span> 
     </span>
     <span class='ocr_line' id='line_1_40' title="bbox 169 4454 2493 4528; baseline 0.004 -23"><span class='ocrx_word' id='word_1_313' title='bbox 169 4454 271 4509; x_wconf 86' lang='lat' dir='ltr'><strong>dem</strong></span> <span class='ocrx_word' id='word_1_314' title='bbox 310 4460 450 4512; x_wconf 86' lang='lat' dir='ltr'><strong>lesen</strong></span> <span class='ocrx_word' id='word_1_315' title='bbox 477 4463 575 4513; x_wconf 87' lang='lat' dir='ltr'><strong>mit</strong></span> <span class='ocrx_word' id='word_1_316' title='bbox 601 4462 700 4511; x_wconf 86' lang='lat' dir='ltr'><strong>den</strong></span> <span class='ocrx_word' id='word_1_317' title='bbox 729 4470 921 4513; x_wconf 83' lang='lat' dir='ltr'><strong>worten</strong></span> <span class='ocrx_word' id='word_1_318' title='bbox 953 4464 1064 4527; x_wconf 80' lang='lat' dir='ltr'><strong>„sic</strong></span> <span class='ocrx_word' id='word_1_319' title='bbox 1101 4468 1316 4528; x_wconf 85' lang='lat' dir='ltr'><strong>pereant</strong></span> <span class='ocrx_word' id='word_1_320' title='bbox 1347 4462 1433 4526; x_wconf 87' lang='lat' dir='ltr'><strong>qni</strong></span> <span class='ocrx_word' id='word_1_321' title='bbox 1461 4464 1539 4511; x_wconf 85' lang='lat' dir='ltr'><strong>sic</strong></span> <span class='ocrx_word' id='word_1_322' title='bbox 1576 4462 1890 4527; x_wconf 80' lang='lat' dir='ltr'><strong>loquuntur“</strong></span> <span class='ocrx_word' id='word_1_323' title='bbox 1933 4463 2015 4513; x_wconf 83' lang='lat' dir='ltr'><strong>ins</strong></span> <span class='ocrx_word' id='word_1_324' title='bbox 2040 4462 2183 4513; x_wconf 83' lang='lat' dir='ltr'><strong>fener</strong></span> <span class='ocrx_word' id='word_1_325' title='bbox 2208 4462 2493 4528; x_wconf 80' lang='lat' dir='ltr'><strong>geworfen.</strong></span> 
     </span>
    </p>
   </div>
  </div>
 </body>
</html>
