2950 5042
1205 412 1336 481 207

152 600 588 686 quinterniones
647 600 1118 688 deposuerunt,
1177 606 1254 669 ut
1309 622 1601 671 seorsum
1661 603 1743 672 de
1799 605 2067 675 consilio
2112 626 2259 675 meo
2304 626 2434 675 non

150 707 436 774 declarato
480 713 858 776 tractarent.
949 708 1037 775 Et
1080 708 1174 774 ita
1219 708 1406 775 nobis
1453 730 1713 795 quoque
1760 711 2037 779 confessi
2083 719 2235 779 sunt
2265 733 2435 780 com-

148 814 386 879 missarii
419 814 690 899 judices,
739 813 912 900 quod
957 814 1024 879 iu
1071 834 1382 899 processu
1427 815 1559 881 isto
1604 815 1849 883 nullam
1894 818 2177 884 viderint
2222 818 2437 885 declae

148 918 435 1000 rationem,
481 918 596 987 sed
643 920 731 985 sit
759 940 1104 1005 processus
1147 940 1344 1005 super
1373 920 1547 986 nudo
1578 920 1866 989 consilio.
1958 922 2117 1001 Quis
2148 944 2435 1009 unquam

148 1044 178 1087 a
209 1023 368 1089 libris
411 1024 752 1111 Augustini
797 1025 1074 1093 removit
1117 1026 1619 1093 retractationes
1682 1048 1837 1094 suas
1900 1034 2099 1113 atque
2146 1029 2437 1096 declara-

146 1128 352 1195 tiones?
436 1129 594 1208 Quis
641 1152 682 1199 a
725 1137 946 1197 vetere
993 1132 1410 1199 Testamento
1455 1152 1691 1199 novum
1756 1132 2103 1218 deposuit?
2193 1133 2349 1212 Quis
2394 1156 2436 1201 a

150 1233 348 1301 Thema
399 1236 478 1303 de
525 1235 784 1321 Aquino
831 1236 1222 1322 capreolum
1283 1238 1695 1323 segregavit?
1786 1238 1943 1317 Quis
2004 1239 2069 1305 in
2120 1240 2270 1325 jure
2316 1240 2435 1306 Co-

147 1338 310 1405 dicem
351 1362 392 1407 a
434 1342 720 1427 Digestis
765 1342 1033 1409 exulare
1079 1341 1276 1410 fecit?
1365 1343 1525 1421 Quis
1588 1362 1873 1428 unquam
1920 1343 2434 1412 declarationem

145 1463 175 1508 a
208 1445 510 1516 declarato
556 1449 888 1533 separavit
903 1449 935 1513 ⁴?
979 1454 1220 1534 praeter
1263 1447 1382 1515 hos
1425 1448 1599 1515 solos
1642 1448 2083 1533 theologistas.

281 1552 484 1630 Quare
553 1551 826 1621 obsecro
886 1560 974 1635 te,
1037 1560 1113 1620 ut
1171 1553 1308 1619 haec
1369 1555 1620 1638 scripta
1672 1575 1825 1622 mea
1882 1556 2137 1641 egregio
2184 1556 2435 1623 doctori

146 1654 472 1727 Sebastiano
519 1658 730 1726 Brant
774 1659 1206 1727 communices
1253 1664 1321 1726 et
1363 1660 1621 1726 caeteris
1669 1659 2063 1728 doctissimis
2110 1662 2267 1729 viris
2299 1668 2435 1728 tam

147 1760 194 1825 in
224 1762 546 1850 theologia,
596 1786 789 1851 quam
833 1766 902 1833 in
938 1766 1106 1852 jure,
1153 1785 1428 1851 oresque
1472 1786 1619 1833 meo
1650 1765 1907 1833 nomine
1926 1816 1942 1847 ‚
1989 1771 2063 1834 ut
2102 1767 2433 1852 judicent:

160 1867 304 1945 „sitne
347 1871 665 1957 praefatus
709 1892 1052 1956 processus
1093 1872 1238 1956 ipso
1275 1872 1426 1957 jure
1469 1872 1707 1953 nullus,
1768 1890 1851 1937 an
1900 1892 2053 1939 vero
2098 1870 2437 1939 adnullan-

149 1971 298 2039 dus?“
382 1977 641 2044 Deinde
689 1978 862 2063 quod
907 1977 1355 2063 theologorum
1401 1983 1470 2045 et
1509 1977 1899 2063 jnristarum
1948 1978 2107 2045 erit:
2160 1976 2435 2059 „Utrum

140 2076 348 2149 libellus
391 2090 969 2169 quantumcunque
1015 2083 1306 2169 ineptus,
1351 2088 1573 2151 tamen
1620 2106 1692 2151 re
1740 2082 1959 2151 adhuc
2016 2084 2274 2169 integra
2316 2104 2439 2169 per

137 2183 304 2267 ipsum
343 2188 746 2257 libellantem
793 2190 888 2256 ita
934 2188 1322 2257 sufficienter
1367 2188 1738 2257 declaratus
1756 2240 1772 2271 ‚
1826 2195 1901 2255 ut
1945 2190 2184 2255 nemini
2228 2190 2438 2275 possit

137 2310 244 2358 esse
281 2296 538 2363 nocivus
591 2301 660 2361 et
705 2294 1049 2362 offensivus
1097 2301 1165 2363 et
1208 2296 1304 2362 ita
1351 2317 1479 2361 uno
1528 2301 1596 2361 et
1642 2294 1875 2361 eodem
1910 2300 2203 2381 tempore
2235 2301 2435 2381 atque

138 2394 186 2461 in
221 2420 334 2467 uno
377 2402 574 2468 simul
623 2422 894 2487 corpore
941 2400 1156 2469 editus
1201 2422 1281 2468 ac
1325 2400 1716 2486 publicatus,
1761 2401 1983 2487 possit.
2013 2400 2093 2467 de
2134 2402 2281 2487 jure
2328 2422 2428 2467 se-

134 2507 368 2584 paratim
435 2507 726 2593 discerpi
773 2513 840 2573 et
885 2513 1138 2575 remota
1183 2506 1623 2573 declaratione
1670 2504 2012 2573 sufficienti
2055 2507 2122 2571 iu
2169 2507 2420 2592 reliquo

133 2608 272 2677 nudo
335 2619 401 2680 et
465 2612 752 2699 spoliato
820 2614 1128 2681 dentibus
1193 2612 1470 2681 lacerari
1536 2632 1617 2679 ac
1683 2611 1939 2697 ignibus
1986 2611 2161 2677 tradi
2207 2612 2274 2677 in
2318 2612 2421 2678 sui

134 2718 340 2784 autoris
407 2719 766 2785 maximum
839 2717 1284 2804 praejudicium
1353 2724 1420 2784 et
1499 2718 1945 2801 gravissimum
2017 2717 2368 2783 damnum?
2384 2721 2415 2751 “

134 2817 238 2887 Has
291 2825 681 2909 quaestiones
748 2824 972 2891 amicis
1028 2824 1272 2892 nostris
1331 2845 1451 2909 per
1496 2823 1750 2889 litteras
1807 2822 2091 2905 digneris
2146 2823 2424 2904 mittere,

133 2929 188 2987 ut
222 2948 430 2995 eorum
473 2929 925 2997 conclusiones
969 2952 1073 2997 me
1120 2952 1248 2997 non
1293 2930 1563 2996 lateant.
1642 2928 1930 2996 Obsecro
1976 2948 2095 3013 per
2139 2933 2429 2994 veterem

130 3039 376 3100 nostram
429 3035 808 3103 amicitiam.
902 3035 1094 3117 Vale,
1155 3058 1237 3101 ex
1284 3032 1694 3120 Stuttgardia
1752 3034 1820 3100 in
1880 3032 1984 3099 die
2044 3032 2105 3100 S.
2156 3033 2433 3101 Andreae

133 3134 282 3205 Anno
333 3146 524 3208 1513.
1347 3230 1494 3297 Joh·
1543 3229 1859 3297 Reuchlin
1905 3228 2031 3295 LI„
2081 3228 2345 3295 Doctor.

271 3345 591 3410 Gedruckt:
634 3352 663 3408 1
703 3366 786 3405 =
817 3348 1030 3425 Majus,
1064 3348 1183 3409 vita
1212 3347 1518 3408 Reuchlini
1548 3366 1594 3409 s.
1634 3350 1761 3409 390
1791 3348 1881 3409 bis
1914 3348 2039 3409 397
2078 3343 2122 3404 ¹.

1095 3531 1432 3600 CLXXVI.

238 3617 554 3691 [Stuttgart.]
2037 3616 2081 3685 [9
2110 3618 2243 3669 1513
2270 3618 2316 3687 ν]
2343 3616 2366 3653 ²

134 3700 349 3785 Demm
385 3710 755 3785 frommen
791 3709 1002 3785 unnd
1042 3708 1487 3785 eerenfesten
1523 3706 1829 3783 Maister
1855 3704 2217 3781 Hannsen
2248 3705 2433 3781 Am-

134 3831 474 3931 merbach,
548 3832 1044 3909 buehtrucker
1121 3861 1214 3907 zu
1269 3832 1488 3907 Base]
1548 3833 1823 3907 minem
1887 3842 2114 3930 guten
2177 3828 2437 3903 friindt

949 3956 1032 4060 [J
1033 3984 1102 4032 ο.
1155 3952 1577 4060 Reuchlin].

271 4104 398 4173 Min
443 4107 638 4193 willig
669 4107 884 4175 dienst
913 4128 1127 4189 zuvor,
1171 4105 1380 4173 lieber-
1411 4104 1683 4173 maister
1718 4104 1944 4171 Hanus
1984 4062 2439 4185 Ammerbach;

1226 4214 1265 4251 ⁴8·

249 4286 270 4331 1
307 4282 476 4352 Majus
503 4286 622 4353 gibt
671 4284 822 4338 nicht
857 4301 950 4351 an,
999 4285 1176 4337 woher
1200 4300 1257 4336 er
1293 4282 1473 4335 diesen
1500 4281 1642 4335 brief
1671 4298 1983 4351 genommen
2020 4283 2129 4335 hat.
2272 4287 2303 4333 2
2341 4280 2436 4333 Ich

135 4370 245 4418 setas
277 4371 372 4423 den
394 4374 725 4426 undatim-ten
753 4376 895 4426 brief
923 4376 980 4424 in
1005 4374 1180 4425 dieses
1208 4373 1348 4438 jahr,
1385 4371 1491 4423 und
1528 4370 1678 4423 nicht
1702 4371 1899 4435 friiher,
1934 4371 2055 4423 weil
2080 4370 2195 4422 sich
2232 4371 2287 4421 in
2324 4370 2436 4423 ihm

134 4452 334 4510 offenbar
375 4462 512 4515 noch
565 4464 654 4515 die
702 4466 1089 4530 verstimmung
1125 4478 1193 4513 zu
1231 4461 1499 4513 erkennen
1538 4459 1683 4527 gibt,
1739 4460 1897 4513 deren
1945 4460 2119 4528 grund
2171 4475 2269 4513 aus
2316 4458 2437 4515 dem

133 4535 266 4597 briere
298 4563 412 4602 vom
450 4554 510 4603 31
554 4553 694 4620 Aug.
738 4553 872 4604 1512
913 4549 1224 4605 ersichtlich
1259 4550 1348 4602 ist.
1421 4550 1474 4602 S.
1515 4564 1564 4602 o.
1601 4565 1715 4601 nro.
1754 4547 1914 4602 CLII.
