2950 5042
1497 394 1626 461 152

386 590 593 652 tatem
656 604 811 669 erga
874 583 1243 669 proximum
1297 589 1581 651 vestram
1640 582 1819 649 illam
1863 582 2256 668 peculiarem
2303 581 2436 648 sole
2485 580 2726 669 clarius

386 689 727 757 ostenditis
774 696 843 755 et
886 710 1033 755 eum
1080 689 1191 775 qui
1236 690 1471 755 misere
1517 690 1586 754 in
1615 687 1904 755 latrones
1937 689 2076 773 jam
2105 686 2358 771 pridem
2387 686 2728 767 inciderat,

382 794 470 862 ‘ab
516 794 887 879 eisdemque
944 792 1395 877 dispoliatam,
1452 793 1599 861 vino
1643 793 1924 876 primum
1971 792 2109 859 acri
2151 798 2349 877 atque
2397 792 2729 873 mordace,

346 940 350 943 -
384 898 617 966 deinde
664 900 827 979 oleo,
880 897 1161 963 Palladis
1208 898 1445 977 fructu,
1489 918 1720 964 sanare
1749 919 1872 982 -pro
1918 896 2284 964 incredibili
2323 896 2732 963 humanitate

389 1010 609 1071 vestra
667 1002 950 1069 officiose
1026 1002 1364 1068 conamini.
1474 1004 1606 1069 Det
1665 1002 1814 1086 Opt.
1880 1003 2050 1067 Max.
2113 1002 2224 1067 ille
2285 1001 2444 1067 deus
2501 1008 2732 1067 noster

388 1130 508 1195 pro
554 1108 709 1175 fidei
739 1108 1110 1175 orthodoxae
1158 1108 1296 1172 zelo
1328 1113 1567 1189 vestre,
1615 1128 1744 1193 quo
1775 1106 2002 1173 fideles
2051 1107 2190 1191 ejus
2221 1104 2738 1191 dispensatores,

392 1204 712 1279 talentum
776 1212 959 1279 vobis
1028 1213 1347 1279 creditum
1415 1233 1559 1277 cum
1625 1211 1872 1279 foeno're
1937 1211 2230 1295 satagitis
2299 1210 2578 1277 reddere
2591 1260 2608 1291 ,
2653 1211 2739 1275 si-

391 1318 655 1403 mulque
701 1340 821 1403 pro
884 1316 1179 1383 effluente
1244 1317 1308 1382 in
1356 1336 1461 1382 me
1508 1316 1828 1383 charitate
1875 1322 2119 1396 vestra,
2185 1336 2314 1401 qua
2377 1338 2482 1381 me
2539 1336 2584 1381 a
2627 1316 2740 1381 de-

386 1422 641 1505 decore,
684 1422 969 1502 infamia,
1017 1426 1423 1505 contemptu,
1489 1428 1559 1488 et
1602 1420 2015 1507 despectione
2061 1440 2475 1504 praeservare,
2523 1426 2742 1487 custo—

386 1528 547 1608 dire,
593 1528 937 1595 vendicare
990 1529 1011 1566 ¹
1070 1525 1422 1593 clementer
1468 1525 1780 1607 studetis,
1838 1532 1906 1591 et
1961 1525 2144 1591 vobis
2191 1522 2267 1592 'et
2321 1526 2598 1609 collegio
2665 1531 2737 1591 et

384 1632 624 1699 illu-stri
666 1633 1071 1699 universitati
1114 1637 1348 1697 vestrae
1394 1630 1676 1696 divinam
1721 1630 2236 1697 benedictionem
2293 1654 2373 1697 ex
2419 1631 2576 1697 Sion
2600 1680 2618 1710 ,
2664 1636 2744 1697 ut

392 1738 665 1804 videatis
712 1739 883 1805 bona
928 1736 1295 1806 Jerusalem
1339 1757 1457 1821 per
1503 1756 1696 1820 quem
1743 1740 1812 1801 et
1853 1756 1983 1819 pax
2029 1735 2234 1803 nobis.

566 1844 729 1909 Cum
784 1844 955 1909 enim
1015 1842 1275 1927 plurimi
1340 1862 1502 1927 quos
1577 1862 1724 1905 mea
1801 1840 2146 1907 voluntate·
2209 1840 2740 1925 conscientiaque

398 1954 725 2034 nunquam
804 1948 1107 2027 laeserim,
1177 1946 1442 2012 immani
1503 1951 1570 2012 et
1627 1944 2054 2012 acerbissima
2103 1945 2346 2011 invidia
2401 1946 2740 2029 livoreque

390 2055 458 2120 in
504 2074 716 2119 meam
773 2051 1123 2138 perniciem
1182 2052 1506 2137 propensi,
1561 2057 1636 2117 ut
1680 2052 1960 2135 accipie,
2009 2052 2298 2135 quotidie
2345 2072 2456 2116 vos
2507 2048 2741 2117 effreni

390 2158 675 2224 tumultu
720 2157 1121 2237 adoriantur,
1166 2162 1483 2242 petentes,
1529 2156 1724 2223 immo
1772 2162 2096 2239 urgentes,
2145 2163 2218 2222 ut
2260 2176 2364 2221 me
2412 2155 2526 2241 qui
2557 2155 2747 2221 theo-

383 2262 663 2347 logicum
708 2260 1046 2345 synthema
1092 2259 1387 2327 Siboleth
1434 2261 1662 2327 eadem
1692 2262 2036 2327 literatura
2065 2283 2207 2347 quae
2255 2262 2386 2327 illis
2417 2260 2690 2345 placeat
2721 2262 2745 2300 ²

386 2368 745 2451 exprimere
810 2388 936 2434 non
982 2366 1181 2445 vale0,
1228 2366 1294 2429 in
1338 2366 1482 2450 ipso
1528 2367 1834 2433 Jordanis
1879 2366 2158 2433 transitu
2195 2366 2508 2451 juguletis
2543 2366 2571 2405 3
2619 2388 2734 2433 vos

387 2472 527 2552 viri,
572 2492 703 2551 vos,
748 2471 1030 2557 inquam,
1077 2472 1195 2535 viri
1242 2471 1730 2555 prudentissimi
1779 2477 1848 2537 et
1891 2472 2106 2537 animo
2171 2492 2299 2537 non
2359 2466 2738 2537 effeminato

384 2575 737 2657 fortissimi,
783 2574 977 2642 nullis
1022 2574 1542 2641 adversariorum
1587 2596 1880 2642 meorum
1923 2574 2314 2642 factionibus
2360 2576 2572 2657 fracti,
2623 2576 2738 2643 sed

390 2687 468 2746 ut
520 2679 715 2747 flores
771 2682 944 2747 inter
1012 2680 1251 2746 multas
1309 2681 1528 2765 spinas
1587 2686 1787 2767 atque
1845 2686 2062 2747 sentes
2123 2682 2284 2762 orti,
2329 2681 2740 2749 honestiores

393 2792 463 2853 et
506 2788 933 2871 sapientiores
983 2787 1260 2866 caeteris,
1306 2808 1435 2851 non
1481 2785 1670 2852 facile
1717 2807 2096 2854 conservum
2141 2794 2428 2853 vestrum
2475 2787 2738 2853 mittitis

389 2891 457 2957 in
504 2912 861 2973 carcerem,
909 2897 1247 2976 sperantes
1264 2940 1280 2972 ,
1330 2892 1635 2976 quoniam
1681 2890 1977 2958 dominus
2025 2892 2268 2957 eximat
2327 2914 2440 2959 vos
2487 2894 2737 2977 pariter

387 3018 431 3061 a
475 2995 854 3076 tortoribus,
902 2996 987 3061 ab
1034 2996 1333 3081 omnique
1390 2994 1612 3063 debito
1673 2995 1936 3076 liberet,
1991 3017 2068 3063 eo
2124 2998 2299 3082 quod
2355 3019 2735 3064 conservum

391 3105 679 3166 vestrum
725 3100 867 3167 sitis
901 3102 1357 3181 commiserati,
1404 3101 1638 3167 iccirco
1671 3102 2013 3167 imitamini
2044 3103 2386 3167 Dominum
2418 3104 2731 3183 nostrum,

394 3204 509 3289 qui
576 3205 793 3270 omnia
847 3205 1055 3271 sciens
1115 3212 1183 3271 et
1242 3206 1457 3273 omnia
1514 3206 1878 3291 praevidens
1923 3206 2090 3272 dixit
2135 3206 2347 3273 Adam
2393 3208 2506 3275 ubi
2565 3211 2682 3275 es?
2711 3210 2736 3248 ⁴

569 3308 947 3395 Cupitisque
980 3308 1006 3347 ⁵
1050 3310 1330 3395 primum
1364 3312 1389 3351 ⁶
1434 3312 1715 3395 experiri
1762 3312 1964 3379 simne
2012 3312 2308 3379 desertor
2349 3335 2434 3379 an
2477 3319 2733 3380 amator

390 3414 686 3479 veritatis
743 3414 1114 3481 catholicae?
1224 3416 1439 3495 Quare
1514 3417 1990 3501 propositiones
2047 3417 2364 3502 quasdam
2437 3440 2521 3483 ex
2591 3439 2730 3485 meo

390 3520 655 3586 consilio
718 3519 800 3585 de
848 3519 1213 3585 cremandis
1258 3521 1636 3589 Judaeorum
1681 3521 1864 3589 libris
1912 3522 2107 3603 dato,
2171 3543 2315 3607 quae
2375 3522 2562 3590 vobis
2628 3523 2732 3589 fri-

390 3624 584 3706 volae,
632 3624 1063 3705 scandalosae,
1130 3632 1198 3690 et
1240 3626 1451 3692 minus
1511 3627 1675 3692 bene
1741 3634 2048 3693 sonantes
2118 3627 2489 3709 videantur,
2552 3625 2731 3694 01100-

387 3728 575 3814 pistis
594 3780 610 3809 ,
675 3750 1027 3815 earumque
1076 3731 1441 3815 exemplum
1487 3731 1572 3797 ad
1619 3752 1722 3797 me
1779 3733 2011 3798 vestris
2075 3754 2220 3797 cum
2266 3732 2475 3799 literis
2522 3740 2728 3800 trans-

378 3834 666 3915 misistis,
715 3835 1196 3919 desyderantes,
1241 3841 1317 3900 ut
1362 3842 1512 3921 post
1558 3836 2036 3903 declarationes
2082 3839 2266 3922 prius
2313 3859 2354 3903 a
2395 3858 2500 3902 me
2531 3838 2722 3904 simul

380 3960 527 4005 cum
592 3940 859 4007 consilio
923 3962 1068 4007 meo
1138 3940 1365 4008 editas.
1414 3940 1614 4007 latius
1643 3942 1666 3980 ⁷
1744 3946 2029 4013 mentem
2086 3964 2298 4009 meam
2375 3942 2720 4009 revelando

392 4049 642 4111 vestras
690 4045 1161 4111 dominationes
1206 4045 1576 4128 informem,
1625 4046 1780 4132 quia
1824 4067 1960 4114 non·
1999 4047 2158 4113 satis
2203 4067 2321 4131 pro
2367 4044 2519 4113 fidei
2565 4068 2719 4113 meae

1545 4227 1580 4267 *

529 4320 550 4364 1
595 4314 877 4368 vindicare
916 4320 965 4365 2.
1112 4320 1141 4365 2
1186 4316 1370 4368 Placet
1406 4320 1454 4366 2.
1604 4319 1633 4366 3
1671 4314 1931 4383 Ingnletis
1970 4322 2021 4366 2.
2167 4321 2198 4366 4
2239 4314 2411 4366 Adam
2447 4316 2544 4367 nbi
2581 4315 2658 4382 es]
2680 4321 2718 4365 1.

378 4402 437 4451 B.
464 4402 533 4451 M.
564 4401 622 4453 C.
651 4406 700 4453 3.
732 4402 789 4453 V.
820 4404 868 4453 9.
967 4404 997 4451 5
1026 4403 1231 4469 Cupitis
1257 4404 1341 4455 bis
1367 4403 1542 4454 oleum
1563 4406 1858 4469 peccatoris
1885 4403 2132 4470 folgende
2156 4406 2288 4456 seite
2313 4404 2367 4453 in
2390 4402 2718 4470 Peperieorni

378 4487 482 4543 def.
518 4489 589 4542 H.
630 4493 659 4539 2
686 4490 721 4543 b
757 4490 831 4562 fg.
870 4489 972 4557 (=--
1004 4490 1091 4557 P.)
1236 4494 1269 4546 6
1308 4492 1539 4545 Primum
1575 4491 1642 4543 de
1677 4508 1760 4546 me
1797 4493 1858 4546 P.
2005 4496 2033 4545 ‘1
2072 4492 2258 4546 Latius
2283 4492 2630 4559 ansgelassen
2664 4494 2708 4541 2.
