2950 5042
1616 379 1698 445 76

491 561 700 650 dorph
751 567 768 605 ¹
819 568 938 634 tibi
998 569 1326 634 donatum.
1423 570 1691 637 Gaudeo
1740 571 2180 650 vehementer,
2244 571 2487 638 utinam
2543 574 2779 638 eandem

492 681 781 738 servaret
847 676 1316 758 integritatem,
1389 683 1456 740 et
1504 677 1914 760 splendorem
1980 698 2172 760 quam
2237 676 2463 744 habuit
2524 679 2665 743 dum
2717 699 2782 742 ex

489 779 739 845 officina
799 803 944 846 mea
1004 781 1087 846 ad
1137 782 1410 847 eundem
1471 783 1651 848 abiit.
1748 784 1872 847 Pro
1921 784 2057 866 ejus
2104 784 2411 865 regimine
2457 784 2611 849 nulli
2651 784 2783 849 mihi

489 893 642 951 sunt
687 907 984 952 canones.
1079 888 1287 953 Semel
1339 890 1507 953 enim
1555 891 1677 953 rite
1717 887 2113 952 verificatum
2150 889 2287 952 sola
2319 890 2660 954 motatione
2690 894 2783 953 aut

487 993 936 1076 provolutione
972 994 1221 1076 singula
1245 995 1428 1078 juste
1475 1001 1723 1078 patent.
1809 993 2286 1058 Constitueram
2334 994 2508 1078 apud
2552 1016 2647 1059 me
2688 1017 2783 1078 pro

487 1098 588 1165 his
611 1104 676 1162 et
701 1099 846 1163 aliis
868 1099 1276 1165 absolvendis
1309 1100 1391 1164 ad
1427 1107 1493 1164 te
1528 1099 1875 1178 aditurum,
1910 1099 2080 1182 quod
2112 1100 2175 1162 in
2208 1099 2582 1165 hodiernum
2610 1121 2783 1185 usque

489 1204 657 1268 ‹liem
719 1204 958 1269 distuli.
1053 1206 1266 1270 Vexor
1326 1206 1703 1289 quotidiano
1765 1205 1991 1269 morbo
2041 1205 2282 1269 sinistri
2332 1207 2558 1285 cruris,
2602 1206 2784 1270 nescio

487 1311 879 1393 spasmatico
921 1331 1002 1375 an
1035 1311 1181 1390 alio,
1229 1310 1393 1376 adeo
1437 1311 1873 1389 vehementer,
1920 1316 1993 1374 ut
2040 1331 2203 1394 equo
2251 1311 2532 1377 insidere
2564 1312 2786 1396 penitus

471 1415 892 1480 abhorream.
941 1417 1144 1500 Spero
1175 1424 1392 1486 tamen
1426 1417 1779 1481 redivivum
1806 1423 2061 1499 tempus
2088 1437 2353 1480 vernum
2385 1417 2554 1482 vires
2575 1417 2717 1480 mihi
2736 1422 2787 1478 et

489 1521 835 1586 sanitatem
880 1524 1353 1588 restituturum.
1435 1522 1865 1587 Characteres
1906 1521 2317 1604 planetarum
2348 1522 2627 1588 libenter
2654 1520 2788 1586 scul-

485 1647 655 1712 pam,
690 1629 802 1692 sed
840 1651 966 1712 quo
1001 1635 1194 1712 pacto
1243 1629 1365 1693 reti
1397 1630 1580 1693 tenui
1618 1630 1755 1692 sine
1788 1627 2045 1692 laesione
2090 1626 2263 1712 infigi
2296 1629 2547 1711 possint
2576 1649 2689 1692 non
2717 1627 2789 1689 in-

487 1733 723 1816 telligo.
776 1734 1041 1820 Singula
1075 1735 1481 1802 absolvemus
1512 1735 1645 1798 vita
1676 1735 1926 1812 comite,
1975 1733 2347 1818 viribusque
2380 1731 2787 1816 reassumptis.

486 1838 559 1902 In
596 1838 852 1903 hebraeo
889 1862 1211 1919 sermone,
1257 1862 1384 1925 quo
1417 1839 1674 1904 abunde
1707 1839 1941 1903 doctus
1984 1861 2077 1918 eS,
2130 1839 2185 1902 si
2218 1840 2347 1904 sint
2378 1838 2478 1906 hae
2512 1839 2789 1904 dictiones

489 1942 680 2008 bobel
727 1952 794 2009 et
839 1945 1024 2010 bovel
1064 1946 1414 2011 earundem
1459 1951 1611 2029 peto
1655 1967 1800 2010 cum
1833 1945 2143 2028 praesenti
2179 1944 2403 2026 gerulo
2438 1946 2791 2029 interpret-a·

488 2049 745 2114 tionem.
777 2051 934 2116 Vale
961 2050 1276 2116 foeliciter.
1305 2053 1400 2114 Ex
1417 2052 1756 2134 Justingen
1784 2056 2010 2115 octavo
2035 2049 2135 2113 die
2158 2051 2396 2132 Aprilis
2416 2055 2595 2116 Anno
2613 2047 2790 2116 MD11.

666 2159 982 2218 Gedruckt:
1038 2166 1065 2218 1
1117 2181 1198 2216 ··.::.
1244 2161 1305 2219 C.
1352 2177 1403 2219 v.
1451 2179 1501 2220 e.
1552 2179 1589 2234 g
1628 2157 1756 2233 iiib3
1810 2165 1845 2218 2
1884 2181 1967 2213 =
2014 2161 2068 2218 J.
2115 2178 2167 2218 v.
2216 2177 2266 2217 e.
2310 2157 2364 2218 ib
2399 2178 2524 2234 sq.;
2576 2164 2607 2219 3
2642 2158 2787 2215 =C.

485 2282 537 2322 v.
579 2281 627 2323 e.
665 2265 719 2322 II
754 2265 847 2324 fol.
889 2268 1018 2326 51⁸·-
1048 2262 1096 2326 b.

1487 2369 1801 2434 LXXXII.

631 2453 764 2504 Uim.
2319 2462 2380 2508 27
2424 2459 2555 2507 Juni
2602 2459 2731 2507 1502.

483 2541 980 2640 Raimundus,
1045 2542 1460 2620 Cardinalis
1503 2545 1899 2620 Gurcensis
1934 2545 1979 2642 ³,
2039 2546 2323 2646 legatus
2364 2560 2500 2622 etc.
2544 2549 2593 2622 J
2599 2546 2787 2621 oanni

785 2667 1151 2742 Reuchlin
1190 2669 1591 2744 Phorcensi
1628 2669 1777 2742 LL.
1824 2669 2106 2742 doctori
2145 2669 2501 2746 Salutem.

543 2853 588 2874 -.
627 2799 1066 2869 ,Venerabilis
1115 2806 1181 2866 et
1227 2801 1458 2866 eximie
1506 2801 1751 2879 doctor,
1802 2801 1852 2865 si
1905 2822 2046 2864 eam
2096 2823 2288 2886 quam
2338 2802 2577 2868 cudere
2612 2821 2786 2885 nuper

486 2905 672 2970 nobis
737 2906 1109 2990 petentibus
1175 2907 1530 2990 promisisti
1595 2907 1949 2972 orationem
2015 2906 2095 2971 de
2144 2905 2495 2992 Germania
2556 2915 2621 2974 et
2676 2908 2787 2990 ejus

491 3011 890 3096 principibus
941 3012 966 3050 ³
1027 3018 1252 3096 optato
1314 3013 1438 3077 fine
1502 3014 1901 3090 terminasti,
1964 3034 2091 3076 non
2136 3013 2381 3096 poteris
2430 3015 2496 3078 in
2546 3033 2787 3098 praesen-

492 3117 728 3182 tim-um
773 3117 956 3183 nobis
1003 3125 1315 3204 praestare
1362 3142 1501 3184 rem
1549 3121 1751 3202 magis
1800 3124 2049 3201 gratam
2084 3141 2275 3203 quam
2312 3125 2384 3184 ut
2434 3118 2786 3205 quantocius

490 3243 630 3286 eam
684 3223 766 3286 ad
817 3245 932 3287 nos
979 3226 1398 3290 transmittas.
1494 3225 1647 3302 Quae
1694 3225 1746 3290 si
1794 3246 1917 3289 non
1965 3230 2066 3288 est
2097 3226 2283 3307 plene
2316 3227 2612 3308 perfecta
2641 3222 2789 3290 adhi·

479 3328 648 3392 -beas
697 3349 946 3393 omnem
996 3351 1258 3413 operam
1307 3337 1380 3395 ut
1429 3351 1623 3414 quam
1670 3331 2003 3395 celerrime
2052 3330 2455 3412 compleatur
2488 3337 2557 3396 et
2588 3330 2667 3395 ad
2697 3347 2788 3393 nos

495 3434 758 3518 proprio
792 3457 933 3500 cum
966 3434 1328 3514 tabellariO,
1363 3437 1414 3502 si
1448 3437 1609 3500 alias
1643 3436 1973 3500 commode
2005 3434 2143 3500 fieri
2188 3445 2487 3519 nequeat,
2524 3433 2790 3520 expensis

492 3540 732 3606 nostris
779 3539 1110 3634 afferatur,
1203 3543 1376 3606 Bene
1421 3542 1586 3607 vale.
1681 3544 1774 3606 Ex
1823 3542 2013 3608 Ulma
2062 3548 2141 3606 27
2192 3543 2365 3608 Junii
2420 3549 2612 3608 1502.

661 3648 1010 3731 Postquam
1057 3649 1523 3732 scripseramus
1556 3655 1926 3732 praesenteS,
1975 3649 2150 3712 venit
2181 3649 2265 3713 ad
2298 3670 2529 3713 manus
2564 3654 2789 3713 nostras

487 3754 696 3820 oratio
746 3759 861 3820 tua
903 3755 1320 3839 lepidissima,
1369 3777 1513 3839 quae
1563 3777 1761 3838 supra
1808 3755 2063 3819 modum
2112 3755 2295 3818 nobis
2344 3761 2533 3837 grata
2581 3751 2790 3818 extitit.

1632 3887 1670 3922 se

601 3961 649 4012 ‘1
701 3966 882 4014 Petrus
909 3963 1059 4032 Siber
1085 3982 1125 4016 ε.
1167 3973 1328 4016 unten
1379 3972 1392 4014 1
1427 3967 1549 4018 Jan.
1578 3969 1735 4026 ‚1503
1776 3983 1885 4016 nro.
1919 3966 2205 4016 Lxxxvr.
2318 3971 2344 4014 2
2388 3951 2533 4018 Uber
2562 3955 2793 4026 Raimund

485 4053 724 4114 Pei-aum,
763 4054 883 4118 geb.
931 4056 1061 4102 1435
1100 4064 1232 4119 gest.
1284 4057 1432 4116 1505,
1473 4055 1583 4120 vgl.
1620 4054 1890 4117 Ciaconni,
1940 4057 2063 4104 vitae
2105 4055 2416 4103 Pontificum
2470 4054 2791 4102 Romanorum

484 4146 581 4192 etc.
622 4141 715 4202 ΙΙΙ,
741 4157 783 4189 ε.
827 4143 921 4190 182
965 4142 1060 4206 fg„
1098 4142 1204 4206 vgl.
1245 4142 1498 4208 iibrigens
1538 4159 1719 4208 grosse
1747 4142 2065 4208 lob-ipriiche
2096 4144 2225 4192 iiber
2252 4144 2339 4192 ihn
2380 4143 2465 4193 bei
2493 4139 2788 4190 'frithemius

484 4228 785 4286 Chronioon
811 4228 1224 4295 Sponheirnense
1262 4231 1327 4280 ad
1369 4247 1410 4280 a.
1449 4234 1600 4281 1505.
1716 4235 1743 4280 3
1784 4231 1897 4280 Von
1925 4230 2094 4281 dieser
2122 4231 2257 4295 rede,
2299 4230 2398 4294 die,
2436 4230 2569 4280 nach
2602 4238 2786 4277 unserm

483 4315 674 4378 briese,
730 4331 887 4382 sogar
944 4316 1203 4382 gedruokt
1260 4334 1321 4368 zu
1374 4319 1487 4368 sein
1544 4318 1777 4378 seheInt,
1828 4318 1964 4370 habe
2011 4321 2095 4369 ioh
2148 4321 2321 4369 niehts
2368 4319 2541 4368 finden
2578 4318 2789 4366 konnen.

486 4402 646 4453 Sollte
697 4410 834 4453 etwa
885 4404 968 4454 die
1013 4404 1132 4455 rede
1187 4422 1288 4456 von
1335 4408 1466 4456 1498
1511 4407 1590 4456 Ad
1640 4406 1996 4458 Alexandrum
2038 4408 2126 4472 Vl,
2175 4409 2258 4461 die
2308 4407 2511 4461 freilicb
2560 4421 2655 4458 nur
2709 4414 2790 4449 νοῦ

487 4492 655 4548 ciuem
695 4492 981 4549 deutschen
1023 4494 1220 4554 fiirsten
1263 4493 1508 4558 handelt,
1547 4496 1776 4564 gemei'nt
1816 4497 1969 4556 sein?
2510 4489 2515 4493 ’
