2950 5042
1259 378 1392 449 239

202 569 311 635 tuis
350 588 564 654 posses
606 570 884 638 minime.
977 570 1309 656 Ejusmodi
1365 592 1487 656 ego
1533 569 1959 657 objectiones,
2024 575 2391 656 praeceptor
2434 575 2505 637 et

199 672 375 740 amico
418 674 778 741 dulcissime
797 726 812 757 ,
868 676 1151 762 graviter
1198 675 1349 757 tuli,
1409 698 1531 743 nec
1577 674 1767 743 hodie
1826 672 1977 742 bilis
2032 674 2193 742 mihi
2236 675 2505 762 quievit,

197 786 451 845 attamen
484 780 1020 866 quemadmodum
1054 787 1285 866 postea
1315 781 1534 850 forsan
1580 804 1622 849 a
1666 802 1769 849 me
1814 781 2120 867 accipies,
2166 803 2287 849 nec
2333 782 2505 849 enim

197 885 383 951 omnia
424 885 630 953 literis
662 893 807 953 tuto
841 888 1353 955 committuntur.
1445 889 1697 974 Itaque,
1744 887 2156 972 integerrime
2200 888 2317 968 vir,
2362 906 2507 973 gra-

195 991 482 1057 tissimum
527 992 757 1059 feceris
803 998 872 1059 et
931 992 1190 1059 domino
1247 1014 1392 1060 meo
1448 993 1637 1062 abboe
1699 999 1767 1060 et
1826 992 2142 1077 imprimis
2188 992 2344 1059 mihi
2375 1043 2391 1074 ,
2450 992 2508 1060 si

195 1098 472 1165 certiores
516 1118 633 1164 nos
675 1097 1054 1177 reddideris,
1101 1099 1255 1185 quid
1303 1098 1681 1180 obtinueris,
1726 1098 1885 1185 quid
1929 1099 2367 1184 reportaveris
2417 1118 2498 1165 ex

195 1201 366 1269 Urbe.
455 1204 629 1270 Aveo
673 1204 939 1288 insuper
983 1204 1212 1271 audire
1259 1226 1340 1273 ex
1384 1212 1450 1271 te
1470 1255 1486 1286 ,
1534 1225 1729 1290 quam
1780 1203 1951 1271 belle
1996 1224 2193 1291 quam
2238 1203 2509 1272 comiter

195 1305 428 1374 habitus
473 1314 940 1394 susceptusque
985 1308 1076 1375 sis
1123 1308 1361 1376 nedum
1406 1332 1447 1376 a
1494 1308 1825 1376 cardinale
1872 1308 2213 1391 Griman0,
2276 1309 2392 1377 sed
2439 1312 2510 1377 et

195 1431 228 1476 a
282 1413 679 1479 sanctissimo
736 1420 924 1497 patre
986 1419 1209 1481 nostro
1274 1416 1491 1482 Leone
1548 1414 1849 1500 pontifice
1914 1416 2195 1482 maximo
2253 1413 2367 1502 qui
2424 1413 2508 1481 de

193 1519 480 1599 praeclara
509 1518 627 1585 illa
658 1518 980 1585 Medicum
1015 1518 1262 1586 familia
1293 1542 1440 1606 quae
1471 1521 1785 1589 hactenus
1816 1522 1987 1588 viros
2017 1521 2245 1589 doctos
2275 1520 2510 1587 mirum

193 1623 247 1688 in
285 1624 540 1691 modum
607 1624 776 1690 aluit
819 1631 886 1690 et
931 1624 1120 1706 fovit,
1179 1625 1581 1693 descendens
1632 1648 1761 1694 non
1822 1632 2041 1713 potest
2095 1646 2223 1692 non
2282 1624 2509 1693 doctos

193 1730 584 1816 eruditosque
629 1731 828 1810 viros,
889 1731 1064 1796 intra
1091 1770 1098 1777 ·
1126 1752 1288 1817 quos
1347 1737 1420 1799 tu
1467 1732 1637 1799 citra
1701 1754 1955 1799 omnem
2000 1731 2511 1799 controversiam

191 1836 526 1922 princiqem
573 1834 828 1903 obtines
874 1836 1123 1918 locum,
1173 1858 1426 1903 summa
1471 1836 1909 1905 benivolentia
1955 1842 2023 1904 ct
2065 1834 2508 1907 munificentia

191 1943 494 2029 prosequi,
542 1942 949 2028 potissimum
997 1964 1192 2028 quum
1239 1949 1427 2009 tanta
1457 1949 1533 2010 ut
1578 1944 1787 2010 fertur
1832 1942 2130 2010 doctrina
2177 1948 2246 2008 et
2289 1940 2513 2008 litera·-

190 2052 321 2113 tura
370 2048 637 2133 polleat.
725 2046 1094 2115 Persuadeo
1151 2054 1372 2116 autem
1427 2050 1616 2130 mihi,
1676 2056 1743 2116 te
1803 2047 2013 2115 virum
2076 2048 2410 2129 eruditum,
2446 2051 2514 2113 et

188 2152 478 2221 disertum
509 2176 590 2220 ac
628 2159 853 2220 nostra
883 2160 1074 2221 aetate
1106 2155 1514 2222 omnifariam
1540 2154 1986 2222 doctissimum
2020 2151 2509 2219 libertalissime

191 2258 948 2345 honorificentissimeque
998 2262 1218 2326 Romae
1263 2268 1656 2346 susceptum.
1722 2260 1820 2326 Tu
1866 2260 2057 2327 velim
2103 2258 2185 2323 de
2230 2257 2332 2324 his
2382 2278 2514 2325 om·

191 2365 360 2433 nibus
404 2389 530 2452 pro
579 2372 804 2432 nostra
851 2366 1136 2433 amicitia
1183 2366 1362 2434 brevi
1409 2367 1755 2433 certiorem
1800 2386 1904 2432 me
1952 2364 2208 2431 reddas.

350 2473 614 2540 Dudum
677 2472 761 2539 ad
830 2479 895 2538 te
953 2472 1274 2539 dedissem
1319 2473 1582 2553 literas,
1644 2473 1696 2539 si
1764 2494 1886 2537 non
1938 2472 2155 2538 Romae
2202 2475 2268 2537 te
2318 2490 2515 2556 agere

191 2577 613 2645 credidissem.
709 2576 952 2643 Vellem
1015 2584 1084 2644 te
1145 2578 1497 2664 aliquando
1557 2580 1625 2644 in
1684 2577 1922 2663 angulo
1987 2576 2294 2662 quopiam
2340 2573 2517 2661 apud

189 2704 292 2749 nos
336 2682 722 2749 delitescere
741 2732 758 2761 ,
815 2689 890 2747 ut
935 2704 1152 2749 coram
1224 2683 1452 2749 audire
1512 2704 1737 2768 posses
1783 2702 1975 2768 quam
2026 2682 2264 2761 amice,
2320 2700 2517 2766 quam

189 2786 526 2855 honorifice
581 2788 685 2854 hic
747 2788 827 2854 de
883 2794 950 2854 te
1017 2810 1229 2856 sermo
1285 2786 1419 2855 fiat.
1514 2788 1643 2855 Sed
1704 2792 1771 2854 et
1825 2808 1927 2852 me
1973 2785 2075 2851 tui
2120 2786 2394 2852 nominis
2438 2804 2519 2852 ac

190 2893 438 2963 honoris
489 2916 633 2961 esse
679 2900 1037 2961 amatorem
1085 2895 1352 2979 pariter,
1401 2900 1468 2960 et
1522 2894 1946 2974 defensorem,
1994 2889 2093 2958 vel
2122 2891 2521 2979 praecipuum

185 3004 304 3066 tam
349 3007 538 3068 certo
583 2999 814 3067 credas
860 3021 1055 3087 quam
1104 3000 1278 3086 quod
1324 3001 1776 3067 certissimum.

348 3108 678 3174 Caeterum
725 3105 900 3191 quod
945 3103 1113 3172 libro
1162 3106 1585 3191 epistolarum
1633 3104 1958 3171 clarorum
2003 3103 2287 3169 virorum
2333 3123 2516 3171 meas

187 3234 430 3300 quoque
481 3211 790 3297 epistolas
829 3213 852 3251 ¹
895 3211 1180 3277 inserere
1213 3211 1512 3291 volueris,
1560 3211 1803 3295 gratias
1850 3209 1973 3277 tibi
2002 3207 2212 3275 habeo
2258 3208 2521 3276 immor-

187 3318 358 3400 tales,
404 3339 538 3386 non
585 3317 764 3403 quod
793 3322 1048 3383 tantum
1077 3316 1236 3382 mihi
1266 3336 1614 3397 assumam,
1660 3321 1736 3382 ut
1780 3316 1847 3381 in
1878 3313 2202 3382 clarorum
2232 3314 2521 3381 virorum

187 3444 446 3492 numero
493 3422 690 3490 scribi
720 3443 991 3503 merear,
1037 3421 1155 3488 sed
1185 3421 1360 3507 quod
1391 3419 1541 3487 inde
1574 3419 1820 3506 liquido
1851 3418 2213 3505 intelligere
2246 3438 2517 3503 possum

189 3550 370 3613 quam
419 3530 512 3596 sis
566 3529 725 3594 mihi
770 3530 1059 3613 impense
1105 3525 1396 3594 affectus.
1488 3526 1649 3593 Vale
1695 3527 1879 3592 bene.
1970 3524 2069 3589 Ex
2114 3523 2520 3610 Ottinpurra,

188 3634 502 3703 dominica
545 3636 872 3702 invocavit
923 3639 1112 3700 1515.

355 3746 503 3806 Msc.
552 3746 854 3821 Ellenbog.
904 3746 1003 3807 lib.
1054 3744 1111 3803 Π
1158 3744 1324 3817 epist.
1377 3744 1458 3803 '77
1508 3740 1606 3803 fol.
1660 3742 1805 3801 154.

1203 3926 1488 3997 CCVIII.
2494 3968 2501 3989 .-

326 4018 611 4090 Stuttgart.
2036 4016 2065 4065 2
2104 4012 2251 4065 Mara
2294 4010 2449 4063 1515.

192 4088 238 4164 J
242 4118 511 4169 oannes
588 4090 955 4168 Reuchlin
1036 4084 1475 4167 Phorcensis
1544 4084 1696 4163 LL.
1776 4085 2034 4162 doctor
2111 4084 2525 4161 venerabili

890 4210 1210 4289 Nicolao
1266 4210 1663 4311 Ellenbog‚
1722 4210 1797 4286 S.

363 4320 683 4390 Redeunti
727 4320 883 4387 mihi
928 4340 1097 4387 nunc
1141 4318 1394 4405 vesperi
1442 4317 1682 4385 donum
1728 4337 1807 4384 ex
1852 4316 2195 4403 Tuwingen
2241 4313 2529 4382 reddidit

1360 4424 1400 4463 ⁸8*

337 4502 364 4547 1
400 4501 460 4552 In
497 4501 596 4555 den
634 4500 690 4552 C.
730 4515 780 4550 v.
819 4516 861 4551 e.
900 4498 971 4550 ist
995 4515 1096 4551 nur
1131 4498 1216 4550 ein
1255 4498 1395 4549 brief
1413 4495 1699 4563 Ellenbogs
1736 4495 1870 4547 oben
1897 4510 2012 4547 nr0.
2039 4493 2206 4546 CXIII
2241 4490 2530 4546 enthalten.
