2950 5042
1270 370 1397 437 109

1240 560 1399 629 CVI.

310 644 575 713 Stuttgart.
2115 652 2224 703 Mai
2269 652 2417 705 1509.

276 750 590 829 Joannes
646 752 1009 829 Reuchlin
1043 752 1481 831 Phorcensis
1539 754 1692 829 LL.
1757 754 2012 831 doctor
2065 756 2380 833 Nicolao

934 876 1308 979 Ellenbog
1360 878 1696 953 salutem.

336 1038 432 1104 Ad
489 1040 719 1132 literas
780 1046 929 1107 tuas
991 1062 1212 1107 amore
1276 1042 1567 1109 literar-io
1625 1042 2035 1127 plenissimas
2105 1051 2172 1111 et
2231 1044 2492 1131 quidem

190 1164 355 1227 supra
396 1166 595 1229 quam
638 1146 705 1211 in
750 1147 890 1213 viro
936 1148 1290 1214 monastico
1338 1148 1714 1233 quaesissem
1758 1154 1970 1216 tersas
2017 1156 2211 1236 atque
2255 1151 2491 1235 politas

192 1250 547 1332 respondere
594 1258 889 1317 moratus
936 1272 1113 1331 sum,
1162 1252 1250 1317 mi
1296 1252 1530 1319 Cubite
1583 1254 1636 1333 ¹,
1683 1274 1808 1320 non
1857 1260 2120 1340 torpore
2165 1255 2330 1336 ullo,
2375 1255 2492 1323 sed

194 1362 504 1438 occupatus
553 1358 653 1422 rei
698 1357 1039 1423 familiaris
1082 1364 1183 1424 tot
1228 1364 1296 1425 et
1338 1360 1543 1424 tantis
1590 1359 1922 1426 molestiis.
2011 1364 2220 1447 Atque
2265 1384 2494 1427 vereor

194 1482 327 1525 nunc
368 1469 578 1542 certe,
626 1483 709 1527 ne
756 1469 827 1528 tu
874 1482 976 1527 me
1025 1463 1367 1529 confestim
1422 1464 1880 1548 philosophum
1927 1466 2236 1551 abjecisse
2283 1471 2494 1552 putes,

200 1567 281 1649 qui
338 1566 814 1651 philosophiam
860 1570 1078 1652 patiar
1123 1569 1496 1635 mortalium
1567 1592 1786 1636 rerum
1835 1578 1967 1638 tam
2029 1572 2258 1638 vilibus
2321 1574 2492 1639 curis

207 1660 442 1755 opprimi.
542 1674 945 1741 Faciundum
990 1674 1147 1754 fuit,
1214 1675 1484 1741 Nicolae
1543 1681 1612 1741 et
1665 1676 1721 1741 si
1768 1677 2178 1761 Pripateticis
2223 1679 2494 1743 assenti-

208 1795 325 1857 mur,
382 1779 919 1864 quandoquidem
990 1782 1267 1846 materia
1312 1780 1610 1865 procedit
1673 1779 1971 1862 formam,
2035 1783 2324 1868 paranda
2371 1783 2494 1849 fuit

200 1879 463 1951 hactenus
520 1885 879 1951 domestica
925 1886 1217 1967 materia,
1264 1892 1339 1952 ut
1400 1885 1554 1952 inde
1610 1888 2172 1971 contemplationis
2218 1890 2492 1954 formam

194 1984 391 2056 leviore
420 1991 723 2056 transitu
758 1992 1199 2057 educeremus.
1264 1992 1430 2071 Quid
1462 1986 1624 2059 illu'd
1655 1995 1806 2059 est?
1851 1994 2041 2059 Audi.
2119 1995 2276 2059 Cum
2309 1994 2494 2061 annis

193 2064 607 2177 supa-foribus
656 2098 928 2163 multum
974 2104 1411 2183 aegrotassem,
1459 2099 1922 2165 consuluerunt
1965 2101 2196 2166 medici
2245 2106 2311 2168 et
2355 2100 2494 2166 illo·

190 2218 304 2263 rum
358 2204 671 2285 princeps
718 2203 1023 2271 Stocarus
1072 2205 1131 2282 ²,
1186 2211 1263 2270 ut
1307 2204 1482 2270 illico
1531 2208 1706 2269 'erem
1751 2212 2089 2271 mutarem.
2167 2206 2365 2290 Coepi
2412 2226 2494 2271 ex

193 2305 411 2372 urban-o
443 2307 597 2372 fieri
643 2308 945 2374 rusticus.
1024 2308 1209 2388 Quod
1257 2310 1447 2376 facile
1494 2310 1734 2376 factum
1787 2316 1948 2391 erat,
1994 2312 2289 2396 quoniam
2335 2310 2494 2376 mihi

193 2412 482 2491 praedium
544 2414 610 2477 in
672 2414 1061 2480 suburbanis
1111 2422 1301 2481 esset.
1398 2417 1521 2481 Ubi
1581 2416 1704 2482 hoc
1760 2416 1963 2482 ferme
2011 2418 2334 2482 biennium
2396 2417 2495 2481 ita

188 2516 569 2584 aedificando
632 2518 1043 2604 consumpsi,
1092 2528 1166 2586 ut
1208 2542 1291 2587 ne
1339 2522 1522 2587 libris
1567 2522 1772 2587 ullum
1817 2522 2214 2607 reliquissem
2263 2522 2494 2601 locum,

184 2641 310 2686 nam
358 2624 823 2691 bibliothecam
872 2628 937 2691 in
983 2627 1145 2692 urbe
1195 2626 1429 2706 dimisi,
1479 2648 1596 2710 ego
1645 2634 1864 2695 autem
1915 2648 2024 2693 rus
2069 2627 2312 2691 habite.
2355 2662 2362 2669 ·
2407 2626 2494 2691 Et

184 2746 365 2812 usque
414 2730 546 2795 huc
575 2731 749 2796 inter
791 2752 893 2797 me
929 2739 1127 2816 atque
1160 2733 1361 2799 libros
1393 2733 1683 2799 odiosum
1718 2740 2098 2817 perseverat
2128 2730 2492 2810 divortium,

185 2840 244 2897 ut
295 2857 417 2901 nec
480 2836 603 2902 tibi
666 2858 785 2901 nec
838 2838 1032 2902 alicui
1094 2838 1286 2903 alteri
1346 2838 1540 2904 docto
1601 2840 1735 2904 viro
1803 2838 1966 2903 satis
2015 2859 2128 2920 pro
2177 2836 2492 2918 dignitate

190 2940 517 3026 quicquam
568 2942 852 3009 scribere
902 2943 1162 3027 possim.
1258 2945 1550 3009 Accessit
1596 2949 1782 3009 tanta
1829 2944 2235 3009 literatorum
2281 2941 2496 3025 ingra-

187 3044 400 3126 titudo,
464 3068 659 3131 quam
726 3047 1034 3114 librarius
1100 3049 1397 3134 queritur
1450 3050 1562 3134 qui
1621 3070 1886 3134 operum
1944 3056 2306 3115 nostrorum
2354 3052 2493 3113 tam

189 3168 354 3219 raros
415 3153 705 3219 invenire
762 3174 831 3219 se
888 3156 982 3219 ait
1040 3161 1435 3221 mercatores
1499 3176 1574 3220 ac
1629 3176 1793 3239 pene
1853 3154 2204 3221 licitatores
2259 3152 2493 3233 nullos,

190 3262 247 3319 ut
306 3256 535 3324 mallet
594 3259 1165 3343 Antegameratum
1234 3260 1259 3299 ³
1326 3261 1636 3345 aliquem,
1705 3266 1820 3325 aut
1880 3280 2080 3343 parva
2125 3258 2424 3343 logicalia
2467 3258 2496 3297 ⁴

194 3359 485 3430 Maulfeld
540 3366 961 3449 impressisse.
1058 3366 1242 3433 Unde
1308 3366 1520 3433 factus
1580 3388 1720 3432 sum
1769 3370 1868 3447 (ut
1921 3386 2074 3430 vera
2117 3362 2357 3449 fatear)
2406 3362 2494 3429 ad

197 3466 403 3535 altiora
446 3471 955 3555 componendum
1002 3471 1271 3537 tardior.
1362 3474 1607 3538 Parata
1653 3492 1804 3537 vero
1837 3469 2224 3535 Accademia
2269 3474 2494 3536 nostro

192 3570 243 3636 in
284 3575 440 3657 loce,
489 3598 632 3641 cum
683 3577 919 3643 litteris
967 3578 1195 3645 redibo
1242 3579 1306 3643 in
1354 3578 1630 3662 gratiam
1681 3583 1746 3642 et
1787 3577 1993 3660 majus
2027 3596 2186 3659 opus
2218 3574 2494 3641 movebo

193 3678 534 3748 volentibus
582 3683 703 3749 diis
750 3681 1146 3770 deorumque
1194 3686 1436 3769 optimo
1485 3682 1762 3748 maximo
1811 3680 2012 3747 Jhesu
2053 3697 2204 3763 rege
2249 3686 2490 3745 nostro.

345 3788 475 3855 Sed
539 3794 615 3854 ut
676 3788 761 3855 ad
829 3796 978 3855 tuas
1066 3792 1482 3876 quaestiones
1553 3789 1822 3853 veniam.
1931 3787 2253 3870 Thargum
2327 3784 2496 3850 thal-

193 3892 427 3961 mudica
472 3894 673 3961 dictio
721 3902 839 3975 est,
886 3918 1013 3962 non
1061 3896 1387 3976 hebraica,
1435 3896 1592 3961 licet
1637 3893 1982 3959 admodum
2016 3892 2332 3960 Hebraeis
2363 3890 2492 3957 usi-

192 4000 313 4065 tata
381 4008 449 4067 et
518 4000 837 4085 significat
894 4003 1496 4096 interpretationem
1564 4000 1980 4069 chaldaicam.
2086 4000 2181 4066 De
2263 3997 2494 4065 cabala

1308 4132 1344 4171 ²1⁸

319 4227 337 4272 1
377 4220 537 4275 Diese
574 4222 917 4291 latinisirung
955 4222 1045 4275 des
1093 4240 1308 4277 nameus
1354 4222 1483 4275 wird
1529 4238 1628 4274 von
1678 4222 1937 4289 Ellenbog
1975 4221 2094 4273 sehr
2131 4223 2299 4273 selten
2339 4236 2496 4289 ange·

196 4308 385 4362 vendet.
508 4318 537 4363 2
577 4309 699 4379 Vgl.
737 4312 837 4364 den
879 4313 1019 4364 brief
1048 4330 1111 4365 an
1152 4313 1262 4378 ihu,
1300 4313 1431 4365 ende
1476 4317 1630 4363 1512.
1762 4314 1791 4361 3
1833 4298 1976 4363 iiber
2011 4310 2097 4360 die
2137 4310 2326 4361 schrift
2360 4308 2496 4361 habe

196 4394 267 4447 ioh
303 4400 466 4451 weder
495 4400 583 4452 bei
613 4402 753 4451 Hain
790 4400 926 4453 noch
948 4403 1149 4453 Panzer
1186 4402 1370 4472 irgend
1413 4403 1530 4454 eine
1568 4402 1711 4452 notiz
1749 4399 1921 4450 finden
1961 4401 2192 4450 konnen.
2304 4402 2336 4447 4
2373 4398 2496 4449 Par-

195 4484 331 4541 vulas
366 4488 555 4557 logicae
588 4506 630 4543 s.
668 4490 835 4553 Hain,
889 4489 1249 4557 Repertorium
1284 4489 1770 4557 bibliographicum
1807 4502 1923 4541 nro.
1968 4490 2138 4539 12430
2179 4486 2261 4539 bis
2305 4486 2495 4561 12532.
