2950 5042
1588 409 1718 480 278

482 606 939 694 magistrorum
986 605 1202 673 divina
1244 606 1520 692 ingenia,
1566 603 1957 687 gravissimae
2003 602 2358 682 sententioe,
2402 607 2469 669 et
2511 598 2782 687 mysteria

483 737 565 783 ex
587 712 1037 781 secretissimis
1069 733 1402 780 sacrarum
1434 711 1774 777 literarum
1788 708 2030 777 abditis
2063 715 2251 776 eruta
2274 710 2296 748 ¹
2320 713 2386 776 et
2417 707 2780 793 deprompta.

486 820 700 899 Absit,
745 819 920 885 absit
964 824 1040 884 ut
1087 817 1464 885 Cabalistici
1512 816 1661 881 libri
1693 816 1964 883 vulcano
2015 814 2396 882 absumendi
2445 812 2781 889 tradantur;

487 925 660 1009 digni
717 922 909 1009 plane
961 929 1146 1003 sunt,
1212 933 1287 989 ut
1361 923 1712 1007 inlinguam
1775 921 2046 987 latinam
2118 919 2297 987 fideli
2367 927 2435 986 et
2491 916 2786 985 luculenta

481 1030 832 1097 tralatione
878 1035 1233 1095 vertantur.
1307 1021 1440 1095 Sed
1486 1036 1554 1095 et
1598 1035 1665 1094 te
1712 1028 2073 1113 interprete
2118 1025 2460 1099 nonnullos
2504 1024 2787 1091 lect-urum

481 1156 586 1201 me
633 1156 852 1220 spere,
935 1156 1064 1201 non
1131 1140 1388 1201 tantum
1454 1141 1675 1201 autem
1718 1154 1872 1218 eg0‚
1928 1133 2045 1199 sed
2106 1132 2414 1200 nimirum
2460 1128 2787 1215 complures

485 1240 600 1308 alii
661 1246 731 1307 et
787 1239 964 1307 docti
1024 1246 1090 1306 et
1137 1240 1290 1305 boni
1335 1239 1458 1306 viri
1504 1241 1614 1325 qui
1660 1247 1726 1306 te
1773 1246 2207 1325 praeceptore,
2268 1243 2336 1305 te
2400 1243 2687 1315 auctore,
2734 1240 2790 1299 et

489 1347 653 1413 duce
702 1346 1052 1413 Cabalistae
1100 1346 1393 1412 evadent.
1486 1346 1657 1414 Illud
1704 1352 2023 1431 praeterea
2070 1344 2379 1424 admiror,
2430 1364 2545 1409 cur
2590 1341 2788 1427 glorio·

481 1452 772 1519 sissimus
846 1452 1278 1536 Hieronymus
1337 1453 1444 1518 ille
1510 1452 1814 1518 Dalmata
1888 1453 1954 1517 in
2022 1457 2279 1518 tantum
2343 1448 2789 1517 Cabalistarum

485 1558 841 1624 doctrinam
889 1564 1006 1624 aut
1055 1558 1407 1641 neglexerit
1452 1565 1569 1624 aut
1614 1559 2111 1642 contempserit,
2162 1563 2235 1624 ut
2280 1578 2362 1623 ne
2410 1576 2637 1623 nomen
2678 1553 2790 1639 qui-

486 1664 634 1729 dem
681 1662 942 1730 Cabalae
986 1682 1262 1748 usquam
1308 1664 1371 1727 in
1421 1664 1561 1748 eJus
1611 1663 1873 1749 scriptis
1918 1663 2301 1729 inveniatur.
2394 1660 2655 1728 Nullum
2694 1678 2788 1743 ego

481 1769 799 1836 hactenus
831 1768 1006 1852 apud
1039 1790 1184 1834 eum
1218 1768 1344 1853 legi
1377 1769 1552 1855 quod
1584 1790 1665 1835 ex
1691 1770 1893 1835 sacris
1924 1769 2133 1835 literis
2153 1770 2345 1854 juxta
2392 1775 2531 1834 tres
2563 1765 2788 1833 Gabalae

485 1876 734 1959 species
805 1873 1197 1940 fabricatum
1272 1876 1358 1941 sit
1427 1876 1805 1959 mysterium
1871 1881 1939 1941 et
2013 1874 2409 1959 symbolum,
2478 1879 2546 1940 'et
2588 1878 2788 1939 tamen

482 1979 705 2065 plures
753 1980 1181 2047 Cabalisticos
1226 1980 1427 2047 libros
1475 1982 1687 2048 editos
1733 1982 1931 2047 fuisse
1956 1988 2248 2065 tempore
2294 1980 2472 2046 illius
2516 2000 2631 2065 pro
2673 1998 2785 2043 con·

483 2086 656 2152 fesso
688 2086 916 2152 habeo.
995 2088 1299 2153 Ceterum
1335 2088 1857 2171 exploratissima
1889 2109 2059 2153 nunc
2106 2087 2262 2153 mihi
2293 2088 2621 2153 sententia
2648 2078 2785 2152 nbat>

482 2191 797 2258 dicentis²
827 2202 958 2253 riv-¹
993 2204 1154 2269 troi·
1190 2206 1397 2255 mam:
1432 2204 1610 2275 ιΤῦῬ·
1671 2194 1929 2277 Adepta
1959 2194 2330 2259 enim-nunc
2361 2193 2596 2259 notitia
2626 2210 2787 2277 quan-

479 2297 898 2383 tulacumque
925 2297 1219 2378 Cabalae,
1279 2299 1630 2366 discrutior
1686 2322 1843 2367 sane
1866 2350 1883 2380 ,
1930 2300 2197 2384 cupiens
2240 2298 2374 2366 alia
2426 2300 2668 2385 majora
2706 2294 2786 2360 cui

479 2403 766 2471 scientiae
826 2404 1136 2489 indagare
1210 2413 1481 2471 secreta.
1576 2407 1834 2473 Movere
1902 2405 2211 2473 haberem
2279 2404 2487 2473 dubia
2548 2403 2787 2490 plurima
2897 2470 2898 2492 ᾖ

477 2532 620 2597 quae
667 2532 770 2577 me
817 2532 1202 2595 suspensum
1252 2517 1493 2591 tenent,
1542 2511 1657 2577 sed
1705 2509 1878 2597 quod
1925 2533 2053 2581 non
2099 2517 2235 2579 tam
2263 2510 2603 2577 Cabalaeos
2626 2528 2785 2595 quam

475 2616 928 2701 pythagoraeos
955 2615 1166 2683 tribus
1191 2616 1291 2681 his
1322 2617 1452 2683 tuis
1484 2616 1668 2683 libris
1698 2618 2009 2697 instituis,
2038 2616 2234 2700 plane
2282 2638 2587 2701 agnosco.
2620 2616 2785 2694 Quae-

475 2742 622 2787 rere
655 2721 814 2787 mihi
849 2743 978 2787 non
1023 2722 1240 2802 licere,
1282 2722 1757 2807 interrogatum
1804 2722 2121 2789 autemid
2169 2722 2374 2790 solum
2429 2721 2783 2809 respondere

478 2835 687 2887 nunni-t
749 2838 929 2887 ‘ffimt-
956 2826 1116 2893 Vale
1151 2826 1567 2895 foelicissime.
1608 2830 1700 2893 De
1736 2850 1936 2895 causa
1975 2835 2089 2895 tua
2136 2830 2433 2895 Romana
2458 2830 2780 2901 certiorem,

475 2953 580 2997 me
607 2931 866 3012 reddes,
900 2932 1146 3018 etquid
1170 2928 1284 2995 'btv
1303 2933 1328 2973 ³
1367 2935 1840 3021 interpretetur
1866 2935 2267 3001 canticorum
2289 2934 2529 3019 primo:
2557 2935 2783 3000 Vineam

481 3059 690 3103 meam
725 3058 852 3103 non
885 3039 1224 3105 custodivi.
1277 3040 1370 3106 Ex
1403 3041 1809 3125 Ottenpurra
1841 3039 2063 3124 pridie
2091 3040 2251 3108 Idus
2294 3041 2595 3125 Augusti.
2632 3042 2784 3105 1517.

652 3146 1009 3208 Handschr.:
1062 3170 1146 3203 =
1190 3151 1317 3209 Nic.
1375 3150 1727 3227 Ellenbogii,
1798 3152 1964 3226 epist.
2035 3151 2171 3211 libri
2230 3150 2345 3227 IX,
2402 3169 2542 3213 msc.
2599 3150 2698 3211 vol.
2745 3145 2780 3205 1.
2891 3232 2892 3235 Ἴ

479 3250 580 3311 lib.
623 3252 736 3327 111,
783 3255 950 3329 epist.
1002 3258 1106 3327 29,
1154 3254 1254 3314 fol.
1305 3250 1426 3314 331>
1459 3256 1548 3315 bis
1584 3259 1719 3316 3522.
2890 3236 2892 3273 ⁴

619 3542 772 3594 culn.
1484 3456 1815 3527 CCXLIV'
2289 3552 2322 3601 s
2362 3551 2505 3619 Sept.
2543 3550 2729 3619 (1517.)

719 3631 774 3706 J
776 3630 1106 3707 ohannes
1162 3630 1525 3710 Caesarius
1609 3634 1980 3738 Capnioni
2043 3665 2176 3715 suo
2232 3640 2567 3717 salutem.

662 3779 904 3845 Doctor
975 3780 1297 3848 Martinus
1357 3783 1751 3869 GroninguS,
1824 3787 2043 3870 patria
2104 3788 2505 3868 Bremensis,
2560 3785 2665 3854 ubi
2720 3802 2781 3847 ex

485 3880 648 3948 urbe
675 3883 1007 3951 Coloniam
1053 3886 1272 3967 rediit,
1318 3888 1404 3955 ad
1449 3912 1553 3955 me
1599 3892 1886 3973 divertit,
1934 3899 2133 3979 atque
2181 3915 2299 3979 per
2342 3914 2627 3961 mensem
2668 3890 2776 3955 fere
2884 3956 2886 3967 ἰ

485 3987 552 4053 in
621 3989 872 4057 aedibus
923 3992 1085 4058 meis
1139 4001 1437 4060 versatus
1486 4002 1553 4061 et
1609 3997 1977 4081 hospitatus
2046 4005 2162 4065 est.
2223 4001 2496 4066 Interim
2551 4020 2627 4064 ne
2668 3994 2779 4060 dies

480 4093 740 4178 quidem
803 4095 928 4162 fuit
971 4096 1039 4162 in
1098 4120 1225 4183 quo
1291 4121 1417 4166 non
1474 4101 1554 4167 de
1603 4108 1670 4167 te
1729 4106 2147 4170 commentati
2201 4106 2533 4173 fuerimus.
2621 4096 2778 4168 Multi

481 4219 736 4284 quoque
785 4201 868 4267 ob
931 4203 1202 4269 eandem
1264 4227 1529 4273 causam
1596 4208 1681 4274 ad
1752 4230 1869 4276 nos
1929 4218 2246 4277 venerunt
2309 4218 2383 4277 ut
2442 4224 2776 4296 quanquam

483 4303 648 4369 alias
695 4306 859 4371 certi
905 4327 1046 4374 esse
1091 4315 1401 4395 poterant
1446 4312 1527 4379 de
1576 4335 1787 4380 causae
1833 4321 1963 4381 tuae
2010 4316 2075 4381 in
2121 4315 2286 4383 urbe
2330 4322 2643 4394 tractatu,
2700 4329 2764 4375 ex

1599 4444 1632 4483 *
1709 4482 1717 4492 ,

622 4526 641 4571 1
685 4520 876 4574 Eri-uta
933 4527 975 4572 1.
1123 4530 1152 4575 2
1191 4528 1453 4579 Koheleth
1518 4536 1577 4595 1,
1634 4535 1713 4584 19.
1860 4537 1893 4585 3
1936 4534 2131 4587 Hohel.
2193 4541 2247 4601 1,
2288 4538 2337 4589 6.
