2950 5042
1567 354 1651 423 lo

437 563 668 623 serm0,
703 547 838 609 tum
873 542 952 608 de
984 542 1299 608 bonarum
1333 544 1671 611 literarum
1704 545 2257 630 ingenuarumque
2290 541 2779 626 disciplinarum

439 649 698 728 studiis,
747 656 885 714 tum
935 647 1132 713 etiam
1181 649 1259 714 de
1308 651 1656 733 gymnasiis
1714 652 1953 716 nostris
2001 649 2506 735 praestantiaque
2556 669 2782 712 eorum

439 760 599 818 erat.
692 754 965 838 Nanque
1013 776 1157 818 cum
1207 776 1321 838 ego
1370 777 1484 820 seu
1534 755 1749 820 studio
1798 762 2027 820 contra
2076 756 2349 833 dicendi,
2399 777 2511 818 seu
2558 753 2781 836 potius

436 881 657 924 amore
705 860 857 938 veri,
904 858 1108 922 Italiae
1141 859 1483 942 palaestras
1518 860 1617 942 (ut
1658 862 1751 924 ita
1795 860 2096 945 dixerim)
2130 867 2439 944 tanquam
2473 857 2783 935 nutrices,

436 970 726 1043 autoreS,
777 962 1165 1047 opificesque
1215 965 1604 1047 optimarum
1654 967 1912 1044 artium,
1962 987 2085 1030 non
2132 965 2324 1029 modo
2374 963 2780 1028 Germanicis

435 1076 588 1134 ante
636 1089 858 1133 verum
907 1070 1102 1133 etiam
1150 1071 1350 1134 totius
1399 1069 1577 1135 orbis
1624 1070 2001 1154 posuissem,
2051 1070 2275 1148 frater,
2322 1076 2397 1134 ut
2444 1076 2543 1135 est
2589 1068 2783 1133 homo

361 1220 363 1224 ι
439 1174 781 1257 singularis
831 1193 984 1256 erga
1015 1175 1296 1257 patriam
1331 1176 1589 1254 amoriS‚
1637 1177 1757 1240 hoc
1804 1197 1971 1258 aegre
2020 1176 2186 1253 tulit,
2235 1181 2633 1258 conatusque
2683 1179 2787 1238 est

437 1280 768 1362 'subingen
816 1284 1103 1343 vestrum
1157 1281 1176 1318 ¹
1222 1279 1466 1344 Italicis
1516 1282 1881 1346 Academiis
1930 1281 2258 1359 conferre,
2320 1279 2509 1344 modo
2557 1279 2786 1344 huma-

436 1406 668 1450 narum
714 1384 1054 1448 literarum
1103 1385 1318 1449 studia
1355 1385 1503 1450 istic
1542 1408 1669 1452 non
1714 1387 1877 1452 adeo
1911 1386 2223 1468 fugerent.
2302 1385 2489 1462 Quod
2520 1384 2785 1468 quidem

439 1511 634 1574 quam
681 1490 961 1572 graviter
1005 1489 1404 1573 molesteque
1451 1491 1731 1571 tulerim,
1780 1498 2223 1576 quantumque
2271 1491 2351 1555 de
2401 1511 2619 1556 errore
2670 1490 2784 1553 de-

439 1595 874 1678 trimentoque
922 1594 1152 1678 patriae
1197 1602 1436 1660 nostrae
1482 1605 1871 1681 conquestus
1919 1597 2171 1675 fuerim,
2218 1596 2478 1661 minime
2510 1595 2788 1679 perscri-

441 1700 596 1765 bere
644 1721 925 1783 possum.
1021 1701 1422 1784 Despicimus
1471 1703 1673 1780 enim,
1722 1704 2007 1768 Joannes
2052 1703 2169 1782 mi,
2230 1702 2423 1766 immo
2472 1708 2786 1785 tanquam

442 1827 684 1869 venena
733 1804 1158 1871 abhorremus
1207 1828 1284 1870 ac
1333 1807 1683 1891 aliquando
1733 1808 1921 1891 (proh
1964 1814 2275 1892 quantum
2318 1806 2591 1890 nephas)
2626 1807 2786 1870 iisce

438 1911 808 1976 incumbere
879 1911 1300 1994 prohibemur
1371 1933 1539 1996 quae
1602 1912 1822 1978 latinis
1892 1913 2183 1997 jucunda
2266 1913 2789 1996 voluptuosaque

439 2015 625 2080 nobis
671 2021 822 2082 vero
872 2018 954 2082 ob
1003 2024 1292 2081 nostram
1340 2016 1709 2082 barbariem
1762 2025 2076 2102 quantum
2123 2018 2619 2102 pernecessaria
2666 2017 2791 2081 uti-

439 2122 654 2205 liaque
704 2144 846 2187 esse
894 2123 1164 2200 soleant,
1212 2127 1284 2186 tu
1332 2122 1416 2186 ab
1467 2122 1761 2206 exemplo
1814 2124 2104 2206 epistolae
2152 2123 2463 2207 principis
2509 2123 2533 2160 2
2579 2124 2788 2186 nostri

444 2249 638 2311 quam
687 2249 829 2292 cum
880 2249 1106 2312 sumno
1153 2227 1402 2312 pudore
1448 2229 1534 2292 ad
1580 2235 1645 2293 te
1692 2229 1880 2293 mitto
1929 2229 2084 2292 mihi
2142 2223 2607 2312 approbatam,
2666 2250 2789 2311 pro

440 2338 556 2398 tua
617 2334 946 2416 praecipua
1007 2333 1302 2398 doctrina
1368 2334 1610 2416 optime
1672 2334 2015 2417 intelliges,
2106 2334 2242 2398 Nec
2306 2333 2463 2398 mihi
2520 2333 2624 2412 hi,
2675 2333 2791 2416 qui

441 2437 608 2502 hanc
671 2438 1034 2504 doctrinam
1094 2438 1617 2504 dealbamentum
1682 2439 2006 2524 quoddam
2070 2460 2211 2504 esse
2268 2444 2539 2524 putant,
2600 2439 2792 2503 vehe-

445 2550 698 2608 menter
761 2544 1072 2608 aberrare
1140 2544 1457 2610 videntur.
1551 2545 1715 2609 Nam
1777 2546 1955 2610 velut
2018 2544 2084 2608 hi
2148 2545 2260 2628 qui
2324 2545 2580 2627 tingunt
2644 2567 2793 2608 cum

443 2650 720 2734 primum
756 2649 1139 2734 quibusdam
1171 2649 1239 2714 id
1259 2651 1432 2735 quod
1453 2650 1731 2716 colorem
1756 2658 2164 2735 receptarum
2200 2651 2287 2715 sit
2316 2657 2794 2734 praepararunt,

1608 2807 1643 2846 ²1⁸

445 2895 588 2966 heim
618 2911 719 2944 von
748 2895 1064 2957 Reichenau,
1104 2897 1198 2946 mit
1223 2897 1481 2961 reliquien
1510 2911 1624 2946 zum
1665 2896 1829 2962 konig
1858 2896 2113 2946 Heinrich
2146 2895 2237 2946 VII
2278 2911 2383 2945 von
2422 2893 2661 2960 England
2702 2913 2795 2960 ge-

443 2983 651 3034 schickt
695 2983 802 3032 und
855 2984 998 3034 starb
1053 2988 1112 3035 16
1165 2985 1290 3034 Dec.
1339 2987 1489 3034 1523.
1564 2985 1637 3034 Er
1691 2986 1760 3034 ist
1800 2985 1883 3034 ein
1915 2986 2132 3050 eifriger
2180 2983 2449 3049 anhanger
2486 2983 2795 3045 ReuchlinS,

442 3074 526 3121 ein
568 3079 740 3121 treuer
778 3072 960 3121 freund
999 3072 1352 3122 Pirkheimers
1399 3073 1507 3121 und
1550 3074 1631 3120 ein
1687 3089 1887 3138 gegner
1926 3075 2017 3124 der
2068 3074 2239 3135 alten,
2296 3072 2615 3122 namentlich
2664 3073 2794 3121 Joh.

442 3160 603 3210 Eeks.
682 3161 862 3226 Gcgen
901 3161 1079 3210 diesen
1119 3161 1267 3226 giebt
1306 3177 1360 3210 er
1400 3161 1484 3210 die
1523 3161 1707 3210 schrift
1754 3149 2146 3228 &kolampadsz
2187 3162 2572 3212 Canonicorum
2610 3159 2793 3210 indoe-

444 3255 613 3299 torum
663 3249 934 3313 responsio
975 3249 1040 3296 ad
1077 3248 1204 3298 Joh.
1243 3249 1358 3298 Eck
1402 3251 1533 3298 1519
1574 3251 1795 3312 herauS,
1853 3250 1981 3299 wird
2031 3251 2182 3300 dafur
2233 3266 2333 3299 von
2375 3250 2569 3298 diesem
2610 3251 2662 3296 in
2706 3249 2791 3297 die

445 3337 740 3403 papstliche
780 3336 1334 3402 verdammungsbulle
1373 3353 1545 3403 gegen
1585 3338 1783 3387 Luther
1819 3341 2221 3404 aufgenommen
2261 3337 2365 3386 und
2406 3345 2511 3386 erst
2548 3339 2643 3386 auf
2676 3340 2790 3386 sein

442 3425 758 3492 dringendes
785 3425 1050 3474 ausuchen
1081 3425 1270 3474 daraus
1310 3427 1514 3475 befreit.
1584 3426 1701 3491 vgl.
1745 3428 2086 3476 Wiedemann
2126 3426 2247 3492 doh.
2277 3426 2408 3486 Eck,
2441 3425 2791 3490 Regensburg

451 3516 583 3564 1865
637 3516 849 3580 passim.
925 3513 1076 3563 Scine
1136 3514 1458 3579 grabschrift
1510 3531 1610 3563 von
1664 3516 1893 3565 Michael
1946 3514 2331 3578 Hummelburg
2385 3529 2423 3562 S.
2483 3515 2566 3563 bei
2618 3513 2792 3574 Veith,

445 3602 730 3668 Peutinger
769 3619 813 3653 ε.
855 3606 954 3652 202
996 3604 1066 3668 fg.

590 3696 612 3740 l
658 3691 894 3742 Vestrum.
920 3691 1067 3742 nieht
1094 3691 1146 3738 in
1176 3690 1293 3740 dem
1321 3693 1472 3753 sinne
1500 3697 1719 3756 gesagt.
1762 3691 1882 3740 dass
1911 3689 2168 3741 Reuchlin
2198 3690 2333 3740 noch
2364 3707 2425 3739 zu
2468 3691 2637 3740 dieser
2677 3692 2793 3738 uni·

444 3780 661 3830 versititt
699 3781 932 3844 gelmi-te,
973 3779 1110 3828 denn
1156 3779 1248 3828 das
1289 3795 1395 3828 war
1432 3781 1484 3827 in
1529 3779 1887 3828 wirklichkeit
1926 3778 2071 3828 nicht
2111 3779 2201 3828 der
2238 3779 2355 3850 fall,
2398 3778 2504 3843 vgl.
2533 3778 2791 3828 Reuchlin

447 3885 488 3919 s.
529 3871 594 3918 23
635 3869 712 3928 ff.;
761 3869 892 3917 iiber
936 3869 1029 3918 das
1086 3867 1350 3933 damalige
1387 3869 1668 3934 Tiibingen
1723 3867 1833 3916 das.
1874 3881 1915 3916 s.
1958 3871 2019 3916 21
2063 3867 2097 3914 f.
2246 3871 2272 3916 2
2314 3867 2565 3932 principis
2604 3867 2793 3934 nostri]

445 3957 731 4022 eigentlich
770 3964 979 4018 nostrae,
1020 3973 1074 4006 es
1117 3959 1185 4006 ist
1226 3959 1310 4006 ein
1353 3957 1493 4006 brief
1524 3958 1703 4006 uxoris
1742 3957 1949 4005 comitis
1976 3955 2267 4006 Eberhardi
2306 3957 2529 4006 senioris
2568 3955 2633 4005 ad
2668 3956 2792 4006 Car-

445 4047 673 4095 dinalem
703 4047 1042 4094 Mantuanum
1073 4045 1150 4107 (er
1187 4045 1328 4110 folgt·
1357 4047 1410 4092 in
1450 4046 1547 4092 den
1585 4045 1786 4094 alteren
1830 4043 2259 4094 reuchlinischen
2288 4045 2792 4111 briefsammlungen

441 4134 616 4184 hinter
637 4133 751 4183 dem
773 4134 884 4182 hier
905 4133 1326 4197 mitgetheilten).
1372 4133 1470 4181 Ein
1498 4133 1667 4195 stiick,
1693 4134 1784 4183 das
1808 4133 1905 4182 den
1928 4135 2220 4183 versassern
2243 4135 2333 4182 der
2350 4134 2792 4182 dunkelmanner-

443 4223 608 4273 briefe
649 4223 802 4271 keine
843 4222 1078 4270 schande
1116 4223 1336 4270 macheu
1381 4221 1576 4282 wiirde,
1616 4223 1811 4271 lautet:
1852 4224 1913 4270 A.
1959 4223 2017 4272 N.
2070 4222 2269 4271 famulo
2323 4237 2438 4270 meo
2478 4222 2789 4271 fidelissimo

442 4313 652 4378 percepi
691 4310 950 4375 quomodo
991 4311 1149 4359 frater
1189 4311 1353 4376 ipsius
1393 4313 1605 4360 nomine
1645 4313 1707 4362 N.
1746 4312 1960 4375 negotia
1998 4311 2179 4376 aliqua
2216 4327 2344 4376 erga
2386 4310 2788 4360 Sanctissimum

446 4398 694 4465 expedire
745 4399 960 4459 habeat,
1016 4407 1075 4448 ut
1113 4399 1416 4448 Dominatio
1457 4406 1633 4450 vestra
1671 4399 1737 4448 ab
1772 4399 1887 4464 ipso
1937 4399 2096 4449 latius
2148 4399 2446 4463 intelligere
2496 4398 2677 4458 habet,
2736 4409 2790 4446 et

443 4495 716 4556 propterea
755 4504 834 4538 me
873 4486 1208 4556 supplicavit,
1253 4502 1368 4536 eum
1409 4504 1537 4557 erga
1577 4490 1639 4542 D,
1680 4487 1740 4536 V.
1779 4493 2072 4558 promotum
2112 4487 2356 4539 habendo
2396 4502 2447 4536 n.
2488 4501 2528 4536 s.
2566 4501 2627 4536 w-
