2950 5042
1536 368 1661 434 198

436 563 748 648 Majestas
807 560 986 641 velit,
1049 558 1339 627 declaret
1401 564 1469 625 et
1526 557 1855 625 decernat.
1948 556 2163 637 Quare
2224 554 2384 623 nihil
2426 554 2578 623 mihi
2612 555 2733 643 jam

435 668 682 754 gratius
730 666 1037 746 effeceriS‚
1085 686 1456 751 quanquam
1503 664 1583 731 de
1622 664 1769 750 jure
1814 664 2025 729 inesse
2073 661 2388 731 videatur.

614 771 836 839 Habes
899 771 1219 857 quotidie,
1282 776 1356 838 ut
1403 770 1717 849 arbitror,
1782 766 1868 834 ad
1915 766 2145 835 ducem
2192 774 2341 834 tuos
2385 767 2643 833 nuncios
2684 774 2739 835 et

438 876 836 956 tabellarios,
885 899 1028 943 cum
1076 874 1310 962 quibus
1358 880 1422 940 et
1465 873 1757 941 libellum
1801 872 1973 939 hunc
2017 894 2231 939 meum
2271 895 2419 939 cum
2461 872 2588 940 tuis
2628 893 2741 938 una

440 984 650 1050 literis
695 983 936 1063 mittas,
985 988 1052 1047 et
1099 980 1407 1067 quicquid
1454 980 1661 1064 egerit
1717 978 1894 1063 apud
1937 979 2437 1063 Imperatorem,
2489 978 2742 1063 recipias

440 1088 600 1155 mihi
659 1092 889 1173 postea
954 1083 1575 1166 transmittendum,
1642 1086 1839 1151 etiam
1883 1084 2045 1151 meis
2091 1085 2407 1170 expensis,
2476 1084 2531 1150 si
2570 1084 2745 1151 fuerit

443 1214 874 1280 expensarum
914 1191 1210 1275 dignum.
1303 1190 1469 1257 Nam
1528 1210 1782 1275 semper
1839 1191 2057 1258 nescio
2120 1191 2276 1279 quid
2332 1191 2653 1256 minantur
2692 1196 2747 1255 et

441 1300 624 1387 parvi
672 1304 738 1364 et
779 1298 966 1383 pravi
1010 1296 1322 1377 homines,
1370 1295 1544 1381 quod
1589 1296 1675 1361 ad
1722 1296 1983 1362 Curiam
2016 1297 2372 1363 Romanam
2420 1296 2619 1362 citare
2658 1316 2745 1361 me

442 1409 856 1492 praesumant,
914 1401 1088 1488 quod
1136 1424 1264 1468 non
1310 1408 1446 1468 tam
1493 1401 1932 1481 abhorrerem,
1979 1400 2035 1467 si
2072 1404 2095 1441 1

443 1512 538 1578 sic
605 1510 782 1576 dives
845 1507 1004 1574 mihi
1049 1513 1256 1587 esset,
1329 1511 1403 1572 ut
1444 1505 1591 1571 illis.
1682 1506 1873 1573 Nosti
1932 1506 2349 1592 scripturam:
2416 1505 2750 1574 Comedunt

446 1615 670 1682 domos
747 1614 1087 1680 viduarum
1153 1616 1221 1678 et
1282 1617 1476 1677 arant
1540 1612 1619 1698 in*
1670 1611 1873 1679 vitula
1931 1613 2243 1697 proximi,
2311 1618 2388 1679 ut
2448 1611 2749 1679 inveniant

447 1720 924 1808 propositiones
973 1719 1014 1783 ².
1106 1718 1242 1803 Ego
1299 1722 1521 1783 autem
1578 1739 1691 1784 rus
1738 1718 1877 1784 colo
1942 1724 2009 1799 et
2070 1719 2211 1785 sola
2267 1718 2411 1785 vivo
2471 1716 2749 1801 agricola—

443 1827 652 1907 tione,
715 1847 834 1891 nec
891 1824 1128 1910 stipem
1190 1843 1445 1889 mereor
1515 1822 1710 1890 ullius
1773 1824 1877 1889 vel
1937 1824 2249 1909 principis
2313 1824 2418 1890 vel
2480 1821 2749 1901 civitatiS‚

443 1938 871 2018 posteaquam
917 1929 1128 1995 altera
1181 1928 1376 1994 immo
1408 1927 1539 1995 alia
1571 1927 2049 1996 Gonfoederatio
2081 1930 2278 2014 coepit
2323 1935 2395 1995 et
2424 1930 2750 2014 Augustam

446 2058 488 2104 a
533 2036 719 2103 nobis
779 2056 974 2120 quam
1035 2034 1462 2101 remotissime
1523 2034 1847 2100 translata
1907 2040 2024 2101 est.
2114 2036 2251 2101 Nec
2298 2035 2433 2101 ullo
2480 2057 2620 2102 sum
2663 2039 2748 2100 aut

451 2142 544 2208 fui
608 2147 900 2225 tempore
963 2140 1396 2206 mercenarius
1456 2146 1791 2225 patronus.
1886 2140 1983 2205 Tu
2050 2141 2249 2207 facito
2311 2148 2389 2207 ut
2457 2142 2657 2208 frater
2704 2144 2753 2203 et

447 2247 590 2313 vale
637 2245 957 2313 foeliciter.
1049 2245 1316 2330 Nequeo
1360 2245 1656 2331 pluribus
1704 2246 1858 2331 quia
1902 2245 2191 2313 calamus
2220 2246 2492 2313 finditur
2526 2247 2569 2327 ⁸,
2612 2245 2751 2312 fran-

449 2353 626 2437 gitur
683 2357 750 2418 et
809 2352 1018 2435 erepit
1075 2350 1346 2417 medius.
1437 2352 1684 2417 Iterum
1744 2352 1985 2437 optime
2031 2352 2195 2432 vale,
2258 2350 2753 2419 constantissime

450 2458 678 2525 amice.
769 2457 871 2523 Ex
916 2454 1317 2541 Stutgardia.
1410 2456 1585 2524 Prid.
1632 2458 1775 2523 Kal.
1824 2457 2239 2543 Septembres
2284 2458 2474 2524 Anno
2529 2461 2702 2523 1513.

1146 2562 1432 2628 Joannes
1479 2563 1791 2629 Reuchlin
1838 2563 2223 2630 Phorcensis
2269 2563 2395 2628 LL.
2446 2563 2686 2630 doctor.

629 2678 660 2733 1
705 2694 784 2727 =
815 2672 1156 2747 Autograph
1185 2671 1497 2732 Reuchlins
1541 2673 1601 2732 in
1644 2674 1747 2733 der
1792 2672 2157 2733 haudschrift
2196 2674 2297 2733 des
2336 2674 2497 2734 herz.
2533 2674 2663 2734 bibl.
2702 2687 2760 2729 zu

445 2778 863 2849 Wolfenbflttel
894 2780 998 2838 86.
1029 2781 1127 2837 10.
1161 2784 1306 2837 extr.
1342 2775 1440 2837 fol.
1475 2778 1554 2837 bl.
1588 2782 1653 2853 4;
1686 2779 1765 2839 bl.
1790 2781 1825 2839 5
1858 2780 1951 2839 die
1974 2779 2227 2839 adresse.
2262 2779 2407 2854 (Die
2426 2774 2761 2839 handschrift

445 2888 572 2946 626
607 2886 705 2945 bll.
737 2886 798 2944 in
826 2884 925 2945 fol.
960 2884 1180 2943 euthalt
1211 2885 1400 2958 einige
1430 2883 1611 2945 briefe
1642 2903 1717 2945 an
1746 2886 2009 2961 Spalatin
2038 2905 2088 2945 z.
2124 2885 2179 2946 b.
2214 2903 2326 2946 von
2356 2886 2545 2946 Jacob
2575 2884 2761 2955 Faber,

443 2992 631 3065 einige
673 2989 1074 3064 autographen
1118 3005 1228 3050 von
1261 2989 1484 3049 Luther
1526 2992 1645 3051 und
1675 2991 2077 3065 Melanchton,
2123 2991 2564 3065 hauptsachlich
2605 2984 2763 3049 briefe

444 3111 558 3156 von
587 3094 707 3155 und
735 3112 808 3155 an
838 3094 1147 3171 theologen
1179 3112 1282 3155 aus
1315 3094 1418 3155 der
1447 3096 1684 3155 zweiten
1716 3096 1893 3158 halfte
1925 3096 2024 3157 des
2063 3101 2140 3156 16
2166 3096 2636 3171 jahrhundertS.)

592 3316 866 3385 Stuttgart.
1475 3260 1753 3327 CLXXI’
2268 3322 2330 3369 31
2377 3302 2530 3397 Aug.
2565 3322 2705 3371 1513.

603 3406 658 3483 J
659 3433 933 3481 oannes
971 3404 1338 3481 Reuchlin
1376 3406 1817 3481 Phorcensis
1854 3433 1955 3481 an
1991 3407 2240 3483 Jacob
2288 3408 2536 3486 Faber
2554 3416 2608 3483 4.

626 3528 1034 3598 Vertrauend
1063 3528 1184 3597 auf
1208 3528 1312 3595 die
1343 3528 1964 3597 freundschaftliche
1996 3532 2369 3617 gesinnung,
2402 3533 2513 3599 die
2529 3533 2583 3598 F
2582 3525 2763 3597 aber⁵

442 3638 509 3704 in
557 3637 776 3703 seinen
816 3636 1073 3703 werken
1121 3635 1216 3702 oft
1261 3636 1799 3720 ausgesprochen,
1846 3656 2022 3720 wage
2068 3638 2162 3719 R„
2209 3638 2344 3703 ihm
2389 3640 2578 3705 einen
2606 3643 2765 3701 trau-

442 3742 624 3827 rigen
679 3742 855 3810 brief
895 3764 974 3808 zu
1020 3740 1380 3807 schreiben.
1470 3742 1563 3807 Er
1608 3746 1779 3808 w'are
1826 3743 1951 3808 seit
1996 3742 2335 3809 mehreren
2374 3744 2611 3829 jahren
2656 3760 2762 3806 von

444 3848 572 3913 den
637 3848 884 3915 Kolner
955 3845 1297 3931 theologen
1357 3846 1672 3931 vevrfolgt,
1752 3848 1857 3917 die
1924 3847 2091 3914 auch
2152 3849 2353 3915 sehon
2414 3849 2619 3915 andre
2674 3846 2762 3930 ju-

443 3955 678 4035 risten‚
742 3976 794 4020 z.
841 3954 902 4020 b.
964 3954 1087 4019 den
1133 3953 1329 4019 Peter
1372 3954 1713 4020 Ravennae
1746 3954 1797 4012 ⁶.
1838 3953 2100 4040 geplagt
2143 3954 2387 4021 h'atten.
2432 3972 2437 3978 ·
2482 3956 2617 4021 Das
2672 3970 2763 4035 ge-

592 4137 614 4181 l
657 4132 788 4181 Eine
823 4130 1002 4183 kleine
1039 4131 1198 4183 liicke
1237 4132 1291 4183 in
1329 4132 1420 4183 der
1445 4088 1789 4216 handg‘chrift.
1935 4136 1963 4182 2
1998 4131 2190 4183 Matth.
2219 4134 2305 4196 23,
2351 4138 2430 4184 14.
2575 4134 2605 4183 3
2642 4129 2761 4193 Fing

443 4220 838 4287 ausgestrichen
865 4236 957 4269 vor
981 4218 1200 4271 finditur
1230 4225 1274 4273 1.
1407 4224 1438 4269 4
1475 4205 1625 4271 Uber
1650 4219 1819 4271 Faber
1846 4221 1953 4287 vgl.
1981 4222 2115 4273 oben
2136 4236 2247 4272 nro.
2268 4222 2405 4275 cxl.
2520 4222 2553 4271 5
2589 4214 2757 4281 Faber]

445 4308 545 4357 den
581 4324 768 4359 namen
809 4308 1101 4374 gebraucht
1137 4309 1275 4360 auch
1310 4309 1511 4361 Hutten
1549 4324 1613 4359 zu
1650 4310 1819 4359 einem
1857 4310 2151 4377 wortspiel:
2188 4309 2447 4375 Fabrum,
2482 4310 2572 4375 qui
2607 4305 2757 4375 philo·

443 4396 684 4461 sophiam
725 4397 986 4462 exquisite
1023 4396 1160 4449 fabri
1206 4398 1334 4449 fecit
1372 4398 1638 4449 illustrato
1678 4397 1979 4449 Aristotele.
2056 4400 2137 4448 An
2163 4398 2523 4451 Pirckheimer
2559 4398 2621 4447 25
2646 4393 2751 4443 Okt-

450 4484 587 4533 1518
634 4484 720 4534 bei
774 4485 1015 4552 Bocking
1065 4486 1118 4549 I,
1171 4503 1214 4537 s.
1253 4488 1356 4537 216
1406 4502 1454 4538 v.
1495 4488 1561 4538 26
1600 4488 1637 4537 s.
1785 4488 1817 4537 6
1856 4486 1977 4554 Vgl.
2026 4488 2255 4539 Muther:
2308 4502 2403 4540 aus
2452 4486 2567 4537 dem
2603 4482 2749 4533 univ.-
