2950 5042
1288 389 1370 456 11

173 575 420 642 tandem
483 580 722 662 postea
785 573 1009 644 florem
1082 577 1602 664 superinducunt
1676 575 1809 642 sive
1884 595 2281 662 purpureum
2358 573 2491 640 sive

169 682 439 766 quemvis
498 681 736 763 alium3
793 684 1018 750 eodem
1073 706 1191 751 nos
1249 684 1472 749 itidem
1530 681 1721 748 modo
1777 680 1833 746 si
1877 687 1951 746 111
1996 679 2361 746 indelebilis
2408 679 2495 746 sit

168 787 326 870 apud
383 809 504 854 nos
566 787 914 872 probitatis
961 791 1232 858 scientia
1280 790 1604 874 cupimuS,
1661 808 1853 874 quom
1900 787 2076 852 hisce
2137 785 2495 870 disciplinis

170 892 466 958 fuerimus
532 894 796 973 imbuti,
852 901 1008 960 tunc
1065 895 1318 960 caeteris
1363 915 1629 978 operam
1678 893 1901 960 demus
1948 900 2017 960 et
2061 893 2246 977 quasi
2292 890 2492 956 solem

168 1000 328 1081 prius
383 1001 455 1063 in
515 1021 688 1083 aqua
746 1000 964 1066 videre
1028 1001 1410 1080 assuefacti,
1476 998 1561 1064 ad
1607 999 1815 1082 ipsam
1870 1019 2087 1064 veram
2146 997 2353 1063 lucem
2400 997 2495 1062 in-

169 1105 378 1168 tuitum
436 1105 701 1170 tandem
751 1105 1118 1190 dirigemus,
1209 1107 1348 1172 Hoc
1409 1105 1567 1170 fecit
1613 1104 1797 1169 divus
1844 1103 2311 1188 Hieronymus,
2372 1102 2493 1168 hoc

169 1211 588 1293 Augustinus,
650 1210 771 1276 hoc
833 1212 1243 1292 Ambrosius,
1307 1211 1693 1294 Gregorius,
1766 1209 2080 1287 Basilius,
2156 1207 2493 1288 Eusebiae,

174 1316 569 1395 Athanasius,
617 1317 892 1382 Ioannes
924 1317 1442 1402 ChrysostomuS,
1490 1315 1871 1381 Lactantius
1916 1334 1993 1378 ac
2042 1313 2317 1398 denique
2366 1333 2497 1378 om-

174 1443 270 1486 nes
325 1421 478 1485 viriv
517 1421 1065 1502 christianissimi,
1124 1423 1236 1508 qui
1311 1442 1517 1506 usque
1586 1420 1671 1485 ad
1741 1427 2039 1503 tempora
2084 1419 2291 1484 sancti
2338 1418 2495 1484 Ber-

175 1527 335 1592 nardi
380 1548 761 1612 pervenere,
807 1533 1008 1613 atque
1050 1528 1116 1593 in
1163 1527 1381 1612 aliquo
1429 1525 1649 1610 precio
1690 1525 1863 1610 apud
1911 1525 2190 1610 majores
2236 1527 2493 1590 nostros

177 1632 354 1698 habiti
401 1632 609 1698 fuere.
675 1633 818 1698 Non
864 1638 1082 1698 tamen
1129 1655 1232 1700 me
1279 1633 1575 1718 praeterit
1620 1631 1857 1697 multos
1904 1652 2031 1696 11011
2076 1627 2495 1714 philosophos

187 1739 272 1803 sed
325 1738 823 1822 philopompos,
883 1760 1012 1803 11011
1069 1741 1414 1823 magistros
1461 1757 1796 1802 sacrarum
1840 1736 2213 1814 literarum,
2271 1755 2496 1800 verum

183 1845 590 1924 tenebrarum,
632 1865 756 1908 non
781 1844 1214 1928 jurisperitOS,
1263 1844 1377 1908 sed
1425 1844 1641 1928 potius
1664 1841 2125 1927 jurisperditos
2158 1839 2497 1925 legulejos-

178 1971 278 2032 que
323 1971 506 2028 esse,
562 1949 673 2033 qui
721 1956 1100 2015 execrantes
1146 1951 1469 2034 poeticum
1519 1969 1752 2012 nomen
1799 1953 2029 2031 poetas
2088 1946 2369 2012 lasciviis
2416 1966 2495 2011 ac

173 2056 332 2137 nugis
395 2054 668 2120 deorum
729 2055 1064 2138 gentilium
1133 2055 1411 2121 refertos
1475 2075 1617 2119 esse
1678 2053 2069 2138 praedicant,
2135 2071 2337 2136 quare
2410 2051 2495 2117 ab

171 2160 424 2226 urbibus
472 2166 702 2225 autore
753 2160 1022 2226 Platone
1070 2160 1224 2244 pelli
1273 2159 1651 2243 abolerique
1700 2158 2001 2224 debeant.

327 2267 487 2332 Esto
538 2266 935 2332 concedatur
989 2266 1131 2331 istis
1177 2265 1657 2331 detractoribus
1714 2271 1945 2348 poetas
1990 2259 2337 2331 mendaces
2384 2263 2493 2331 ob-

167 2392 395 2437 scoenos
442 2371 814 2458 petulantes
861 2392 1036 2450 esse3
1084 2382 1316 2436 suntne
1364 2371 1631 2436 omnes?
1678 2370 1936 2436 minime
1994 2371 2273 2454 quidem.
2364 2368 2494 2436 Sed

167 2484 230 2541 ut
268 2479 537 2543 istorum
583 2498 822 2560 pravas
869 2498 948 2542 ac
994 2497 1334 2560 perversas
1369 2476 1703 2559 opiniones
1748 2475 2089 2558 infringam
2138 2495 2493 2558 eorumque

166 2580 494 2649 latratibus
543 2582 819 2666 denique
867 2581 1293 2660 satisfaciam,
1353 2580 1514 2665 ipsis
1560 2601 1678 2665 pro
1724 2580 1967 2645 viribus
2012 2579 2318 2663 ingenioli
2363 2580 2493 2644 mei

168 2709 527 2772 responsum
591 2707 734 2752 esse
788 2692 1038 2770 putent.
1143 2687 1210 2752 Si
1271 2687 1336 2751 in
1406 2684 1693 2768 legendis
1757 2686 1967 2769 poetis
2028 2706 2184 2768 apes
2247 2684 2491 2750 imitati

167 2791 455 2858 fuerimus
489 2813 635 2878 quae
666 2813 792 2857 non
840 2812 1088 2872 omnes,
1136 2791 1252 2856 sed
1297 2796 1552 2856 tantum
1598 2789 1941 2855 mellifluos
1988 2790 2232 2856 adeunt
2275 2787 2491 2870 floreS,

170 2898 484 2964 nonnullos
515 2897 774 2982 penitus
807 2898 1181 2981 decerpunt,
1229 2896 1483 2980 aliquos
1514 2896 1795 2962 intactos
1826 2896 2215 2980 relinquunt,
2264 2895 2491 2962 eodem

176 3022 276 3066 nos
313 3003 534 3068 itidem
583 3003 774 3068 modo
821 3025 948 3068 non
997 3002 1293 3068 omnibus
1339 3003 1549 3086 poetis
1593 3001 1708 3066 sed
1740 3002 2145 3086 praeconibus
2177 3002 2490 3068 virtutum

175 3127 241 3170 ac
292 3109 622 3174 meliorum
684 3108 1043 3173 facinorum
1104 3129 1378 3192 quorum
1440 3109 1649 3191 major
1714 3114 1812 3173 est
1874 3130 2178 3174 numerus
2225 3128 2490 3190 operam

177 3211 389 3294 demus,
418 3214 538 3278 hos
569 3214 914 3291 imitemur,
945 3213 1064 3278 hos
1096 3235 1507 3292 veneremur,
1541 3213 1717 3278 hisce
1746 3213 2028 3298 denique
2069 3214 2240 3280 omni
2274 3212 2489 3279 studio

177 3337 240 3381 ac
291 3321 439 3384 totis
500 3319 745 3384 viribus
808 3319 1252 3384 incumbamus
1311 3324 1378 3384 et
1444 3340 1665 3384 omnes
1726 3319 1983 3384 demum
2046 3319 2150 3406 (ut
2209 3318 2490 3403 apostoli

179 3424 361 3488 verbis
407 3421 588 3509 utar)
635 3423 924 3506 legamus
973 3432 1039 3490 et
1085 3424 1257 3509 quod
1304 3423 1545 3488 bonum
1593 3425 1678 3490 sit
1723 3427 2135 3490 retineamus

329 3530 449 3595 Sed
498 3530 659 3613 quid
704 3530 955 3595 multa?
1000 3551 1255 3613 possem
1304 3530 1825 3614 garrulatoribus
1873 3532 2018 3596 istis
2065 3536 2203 3595 tum
2250 3530 2493 3597 autori·

176 3637 292 3698 tate
333 3642 592 3718 patrum
640 3641 1007 3700 nostrorum
1055 3636 1282 3713 fretUS,
1329 3643 1467 3701 tum
1516 3635 1713 3699 etiam
1750 3635 2110 3700 rationibus
2157 3635 2494 3719 exemplis-

177 3759 279 3820 que
321 3741 674 3823 gentilium,
719 3746 795 3806 ut
836 3742 1075 3824 optime
1107 3743 1298 3821 nosti,
1346 3739 1647 3806 suffultus
1680 3740 1937 3823 copiose
1971 3759 2047 3803 ac
2080 3738 2495 3804 abundanter

175 3845 517 3926 ostendere,
583 3867 777 3930 quam
842 3846 1032 3911 utilia
1087 3847 1377 3930 jucunda
1438 3845 1935 3928 necessariaque
2002 3844 2301 3909 omnibus
2354 3844 2493 3910 11000

177 3948 282 4012 sint
324 3951 568 4031 studia,
627 3951 755 4016 nisi
811 3973 1090 4031 vererer,
1136 3973 1218 4016 ne
1266 3974 1410 4018 cum
1457 3952 1617 4036 ipsis
1667 3950 1860 4033 digna
1907 3949 2147 4029 dicam,
2196 3948 2353 4014 mihi
2398 3949 2493 4014 in-

175 4051 340 4136 digna
371 4056 612 4122 dixisse
661 4057 900 4122 videar.
995 4058 1151 4122 Haec
1197 4058 1283 4122 ad
1330 4065 1396 4122 te
1447 4061 1815 4141 propterea,
1863 4056 2137 4121 Ioannes
2186 4054 2494 4120 amantis-

173 4158 325 4240 sime,
370 4162 706 4228 verbosius
735 4183 930 4246 quam
959 4164 1294 4248 opportuit
1325 4169 1640 4246 tanquam
1674 4161 1759 4224 ad
1790 4168 2070 4243 portum,
2119 4164 2493 4244 patronum-

173 4283 278 4345 que
322 4288 396 4331 ac
441 4268 835 4333 tutissimum
882 4269 1198 4353 refugium
1248 4267 1860 4351 receptaculumque
1897 4265 2492 4331 literatissimorum

170 4366 473 4438 hominum
508 4374 788 4453 exaravi,
837 4381 910 4440 ut
955 4374 1126 4438 viris·
1157 4373 1462 4438 studiosis
1513 4372 2008 4456 liberaliumque
2043 4371 2281 4436 artium
2316 4371 2494 4455 cupi-

169 4471 254 4540 dis
298 4479 696 4558 subvenires,
745 4479 1062 4564 dignitati,
1107 4479 1354 4564 gloriae‚
1403 4477 1611 4557 laudi,
1659 4476 2059 4561 utilitatique
2094 4473 2491 4560 Reipublicae
